!TRNS	TRNSID	TRNSTYPE	DATE	ACCNT	NAME	CLASS	AMOUNT	DOCNUM	CLEAR	TOPRINT	ADDR5
!SPL	SPLID	TRNSTYPE	DATE	ACCNT	NAME	CLASS	AMOUNT	DOCNUM	CLEAR	QNTY	REIMBEXP
!ENDTRNS											
TRNS	 	CHECK	7/22/98	Checking	Tom Ferguson		-36.15	 	N	Y	 
SPL	 	CHECK	7/22/98	Professional Fees:Legal Fees	"Favor, Lynn:Sun Room"	new class	36.15		N		NOTHING
ENDTRNS											
