<?xml version="1.0" encoding="utf-8"?>
<gnc-v2
     xmlns:gnc="http://www.gnucash.org/XML/gnc"
     xmlns:act="http://www.gnucash.org/XML/act"
     xmlns:book="http://www.gnucash.org/XML/book"
     xmlns:cd="http://www.gnucash.org/XML/cd"
     xmlns:cmdty="http://www.gnucash.org/XML/cmdty"
     xmlns:price="http://www.gnucash.org/XML/price"
     xmlns:slot="http://www.gnucash.org/XML/slot"
     xmlns:split="http://www.gnucash.org/XML/split"
     xmlns:sx="http://www.gnucash.org/XML/sx"
     xmlns:trn="http://www.gnucash.org/XML/trn"
     xmlns:ts="http://www.gnucash.org/XML/ts"
     xmlns:cust="http://www.gnucash.org/XML/cust"
     xmlns:job="http://www.gnucash.org/XML/job"
     xmlns:addr="http://www.gnucash.org/XML/addr"
     xmlns:owner="http://www.gnucash.org/XML/owner"
     xmlns:taxtable="http://www.gnucash.org/XML/taxtable"
     xmlns:tte="http://www.gnucash.org/XML/tte"
     xmlns:employee="http://www.gnucash.org/XML/employee"
     xmlns:order="http://www.gnucash.org/XML/order"
     xmlns:billterm="http://www.gnucash.org/XML/billterm"
     xmlns:bt-days="http://www.gnucash.org/XML/bt-days"
     xmlns:bt-prox="http://www.gnucash.org/XML/bt-prox"
     xmlns:invoice="http://www.gnucash.org/XML/invoice"
     xmlns:entry="http://www.gnucash.org/XML/entry"
     xmlns:vendor="http://www.gnucash.org/XML/vendor">
<gnc:count-data cd:type="account">8</gnc:count-data>
<gnc:count-data cd:type="transaction">6</gnc:count-data>
<gnc:account version="2.0.0">
  <act:name>Bank Accounts</act:name>
  <act:id type="guid">ec511fd83bdb2fb877d7b23042968c7e</act:id>
  <act:type>BANK</act:type>
  <act:commodity>
    <cmdty:space>ISO4217</cmdty:space>
    <cmdty:id>USD</cmdty:id>
  </act:commodity>
  <act:commodity-scu>100</act:commodity-scu>
  <act:slots>
    <slot>
      <slot:key>notes</slot:key>
      <slot:value type="string"/>
    </slot>
  </act:slots>
</gnc:account>
<gnc:account version="2.0.0">
  <act:name>Bank 1</act:name>
  <act:id type="guid">c8ceb48e3378ae638357508a041ca61a</act:id>
  <act:type>BANK</act:type>
  <act:commodity>
    <cmdty:space>ISO4217</cmdty:space>
    <cmdty:id>USD</cmdty:id>
  </act:commodity>
  <act:commodity-scu>100</act:commodity-scu>
  <act:slots>
    <slot>
      <slot:key>notes</slot:key>
      <slot:value type="string"/>
    </slot>
  </act:slots>
  <act:parent type="guid">ec511fd83bdb2fb877d7b23042968c7e</act:parent>
</gnc:account>
<gnc:account version="2.0.0">
  <act:name>Credit Card B</act:name>
  <act:id type="guid">f5423230f8cb39ef01fc0a2696627d5d</act:id>
  <act:type>CREDIT</act:type>
  <act:commodity>
    <cmdty:space>ISO4217</cmdty:space>
    <cmdty:id>USD</cmdty:id>
  </act:commodity>
  <act:commodity-scu>100</act:commodity-scu>
  <act:slots>
    <slot>
      <slot:key>notes</slot:key>
      <slot:value type="string"/>
    </slot>
  </act:slots>
</gnc:account>
<gnc:account version="2.0.0">
  <act:name>Liabilities</act:name>
  <act:id type="guid">7241c921241f5ccb8f8fade580109f75</act:id>
  <act:type>LIABILITY</act:type>
  <act:commodity>
    <cmdty:space>ISO4217</cmdty:space>
    <cmdty:id>USD</cmdty:id>
  </act:commodity>
  <act:commodity-scu>100</act:commodity-scu>
  <act:slots>
    <slot>
      <slot:key>notes</slot:key>
      <slot:value type="string"/>
    </slot>
  </act:slots>
</gnc:account>
<gnc:account version="2.0.0">
  <act:name>Credit card A</act:name>
  <act:id type="guid">9b2119ed0a2eb7449d0209137a2410de</act:id>
  <act:type>CREDIT</act:type>
  <act:commodity>
    <cmdty:space>ISO4217</cmdty:space>
    <cmdty:id>USD</cmdty:id>
  </act:commodity>
  <act:commodity-scu>100</act:commodity-scu>
  <act:slots>
    <slot>
      <slot:key>notes</slot:key>
      <slot:value type="string"/>
    </slot>
  </act:slots>
  <act:parent type="guid">7241c921241f5ccb8f8fade580109f75</act:parent>
</gnc:account>
<gnc:account version="2.0.0">
  <act:name>Liability 1</act:name>
  <act:id type="guid">37bdf5369928876a5f20900458bc84a8</act:id>
  <act:type>LIABILITY</act:type>
  <act:commodity>
    <cmdty:space>ISO4217</cmdty:space>
    <cmdty:id>USD</cmdty:id>
  </act:commodity>
  <act:commodity-scu>100</act:commodity-scu>
  <act:slots>
    <slot>
      <slot:key>notes</slot:key>
      <slot:value type="string"/>
    </slot>
  </act:slots>
  <act:parent type="guid">7241c921241f5ccb8f8fade580109f75</act:parent>
</gnc:account>
<gnc:account version="2.0.0">
  <act:name>Liability 2</act:name>
  <act:id type="guid">4178e5b449bdec62dd02ff69d45795ef</act:id>
  <act:type>LIABILITY</act:type>
  <act:commodity>
    <cmdty:space>ISO4217</cmdty:space>
    <cmdty:id>USD</cmdty:id>
  </act:commodity>
  <act:commodity-scu>100</act:commodity-scu>
  <act:slots>
    <slot>
      <slot:key>notes</slot:key>
      <slot:value type="string"/>
    </slot>
  </act:slots>
  <act:parent type="guid">7241c921241f5ccb8f8fade580109f75</act:parent>
</gnc:account>
<gnc:account version="2.0.0">
  <act:name>Equity</act:name>
  <act:id type="guid">7f7955a48b6a2436d8f4d0d31ca4f6c8</act:id>
  <act:type>EQUITY</act:type>
  <act:commodity>
    <cmdty:space>ISO4217</cmdty:space>
    <cmdty:id>USD</cmdty:id>
  </act:commodity>
  <act:commodity-scu>100</act:commodity-scu>
  <act:slots>
    <slot>
      <slot:key>notes</slot:key>
      <slot:value type="string"/>
    </slot>
  </act:slots>
</gnc:account>
<gnc:transaction version="2.0.0">
  <trn:id type="guid">9926159b3af5a5cdb1f0de7ff72fe751</trn:id>
  <trn:date-posted>
    <ts:date>2001-04-04 10:00:00 -0400</ts:date>
  </trn:date-posted>
  <trn:date-entered>
    <ts:date>2001-04-05 03:43:14 -0400</ts:date>
  </trn:date-entered>
  <trn:description></trn:description>
  <trn:splits>
    <trn:split>
      <split:id type="guid">55d3805d566ec9516c0c0bcc8a265e8d</split:id>
      <split:reconciled-state>n</split:reconciled-state>
      <split:value>-100000/100</split:value>
      <split:quantity>-100000/100</split:quantity>
      <split:account type="guid">7241c921241f5ccb8f8fade580109f75</split:account>
    </trn:split>
    <trn:split>
      <split:id type="guid">1f7d223dd36ff745a9463bdc17d20d2f</split:id>
      <split:reconciled-state>n</split:reconciled-state>
      <split:value>100000/100</split:value>
      <split:quantity>100000/100</split:quantity>
      <split:account type="guid">ec511fd83bdb2fb877d7b23042968c7e</split:account>
    </trn:split>
  </trn:splits>
</gnc:transaction>
<gnc:transaction version="2.0.0">
  <trn:id type="guid">3ae95f7210a67e83bf7f53adac572857</trn:id>
  <trn:date-posted>
    <ts:date>2001-04-04 10:00:00 -0400</ts:date>
  </trn:date-posted>
  <trn:date-entered>
    <ts:date>2001-04-05 03:00:17 -0400</ts:date>
  </trn:date-entered>
  <trn:description></trn:description>
  <trn:splits>
    <trn:split>
      <split:id type="guid">0dd5b1d3676282c89bc88c54c53828b8</split:id>
      <split:reconciled-state>n</split:reconciled-state>
      <split:value>50000/100</split:value>
      <split:quantity>50000/100</split:quantity>
      <split:account type="guid">c8ceb48e3378ae638357508a041ca61a</split:account>
    </trn:split>
    <trn:split>
      <split:id type="guid">0cb370b15cf16fbaa772ae10b53ba906</split:id>
      <split:reconciled-state>n</split:reconciled-state>
      <split:value>-50000/100</split:value>
      <split:quantity>-50000/100</split:quantity>
      <split:account type="guid">7f7955a48b6a2436d8f4d0d31ca4f6c8</split:account>
    </trn:split>
  </trn:splits>
</gnc:transaction>
<gnc:transaction version="2.0.0">
  <trn:id type="guid">50eae9025b2f98260d372d017c13ad00</trn:id>
  <trn:date-posted>
    <ts:date>2001-04-04 10:00:00 -0400</ts:date>
  </trn:date-posted>
  <trn:date-entered>
    <ts:date>2001-04-05 03:00:40 -0400</ts:date>
  </trn:date-entered>
  <trn:description></trn:description>
  <trn:splits>
    <trn:split>
      <split:id type="guid">0301fada51604eaf37eb180c29b1397a</split:id>
      <split:reconciled-state>n</split:reconciled-state>
      <split:value>50000/100</split:value>
      <split:quantity>50000/100</split:quantity>
      <split:account type="guid">c8ceb48e3378ae638357508a041ca61a</split:account>
    </trn:split>
    <trn:split>
      <split:id type="guid">85bb45926405afa3bb790df1fca10a11</split:id>
      <split:reconciled-state>n</split:reconciled-state>
      <split:value>-50000/100</split:value>
      <split:quantity>-50000/100</split:quantity>
      <split:account type="guid">4178e5b449bdec62dd02ff69d45795ef</split:account>
    </trn:split>
  </trn:splits>
</gnc:transaction>
<gnc:transaction version="2.0.0">
  <trn:id type="guid">ca0b226a20d5d30387c5cdeee9033fb2</trn:id>
  <trn:date-posted>
    <ts:date>2001-04-04 10:00:00 -0400</ts:date>
  </trn:date-posted>
  <trn:date-entered>
    <ts:date>2001-04-05 03:21:15 -0400</ts:date>
  </trn:date-entered>
  <trn:description></trn:description>
  <trn:splits>
    <trn:split>
      <split:id type="guid">b298ee084fc4fb7992097d25c567cdf4</split:id>
      <split:reconciled-state>n</split:reconciled-state>
      <split:value>-25000/100</split:value>
      <split:quantity>-25000/100</split:quantity>
      <split:account type="guid">9b2119ed0a2eb7449d0209137a2410de</split:account>
    </trn:split>
    <trn:split>
      <split:id type="guid">012ecbeb74ee4e64f4704fff9956abd7</split:id>
      <split:reconciled-state>n</split:reconciled-state>
      <split:value>25000/100</split:value>
      <split:quantity>25000/100</split:quantity>
      <split:account type="guid">c8ceb48e3378ae638357508a041ca61a</split:account>
    </trn:split>
  </trn:splits>
</gnc:transaction>
<gnc:transaction version="2.0.0">
  <trn:id type="guid">1c9c58d27d44a85565eb9d2a01341052</trn:id>
  <trn:date-posted>
    <ts:date>2001-04-04 10:00:00 -0400</ts:date>
  </trn:date-posted>
  <trn:date-entered>
    <ts:date>2001-04-05 03:22:12 -0400</ts:date>
  </trn:date-entered>
  <trn:description></trn:description>
  <trn:splits>
    <trn:split>
      <split:id type="guid">c9a9e4dafebcfefb21f34ab439958d30</split:id>
      <split:reconciled-state>n</split:reconciled-state>
      <split:value>-25000/100</split:value>
      <split:quantity>-25000/100</split:quantity>
      <split:account type="guid">f5423230f8cb39ef01fc0a2696627d5d</split:account>
    </trn:split>
    <trn:split>
      <split:id type="guid">e9eadfab55cafb17e02b71aba6ac9b80</split:id>
      <split:reconciled-state>n</split:reconciled-state>
      <split:value>25000/100</split:value>
      <split:quantity>25000/100</split:quantity>
      <split:account type="guid">c8ceb48e3378ae638357508a041ca61a</split:account>
    </trn:split>
  </trn:splits>
</gnc:transaction>
<gnc:transaction version="2.0.0">
  <trn:id type="guid">c8762190f365c705d10fc1e34e01b44a</trn:id>
  <trn:date-posted>
    <ts:date>2002-08-12 10:00:00 -0400</ts:date>
  </trn:date-posted>
  <trn:date-entered>
    <ts:date>2001-04-05 03:00:32 -0400</ts:date>
  </trn:date-entered>
  <trn:description></trn:description>
  <trn:splits>
    <trn:split>
      <split:id type="guid">3cd2306aee06cf7e99254b520782feee</split:id>
      <split:reconciled-state>n</split:reconciled-state>
      <split:value>50000/100</split:value>
      <split:quantity>50000/100</split:quantity>
      <split:account type="guid">c8ceb48e3378ae638357508a041ca61a</split:account>
    </trn:split>
    <trn:split>
      <split:id type="guid">c99dd9d7c59c53ac79e4eea0e477eb73</split:id>
      <split:reconciled-state>n</split:reconciled-state>
      <split:value>-50000/100</split:value>
      <split:quantity>-50000/100</split:quantity>
      <split:account type="guid">37bdf5369928876a5f20900458bc84a8</split:account>
    </trn:split>
  </trn:splits>
</gnc:transaction>
</gnc-v2>

<!-- Local variables: -->
<!-- mode: xml        -->
<!-- End:             -->
