<?xml version="1.0" encoding="utf-8"?>
<gnc-v2
     xmlns:gnc="http://www.gnucash.org/XML/gnc"
     xmlns:act="http://www.gnucash.org/XML/act"
     xmlns:book="http://www.gnucash.org/XML/book"
     xmlns:cd="http://www.gnucash.org/XML/cd"
     xmlns:cmdty="http://www.gnucash.org/XML/cmdty"
     xmlns:price="http://www.gnucash.org/XML/price"
     xmlns:slot="http://www.gnucash.org/XML/slot"
     xmlns:split="http://www.gnucash.org/XML/split"
     xmlns:sx="http://www.gnucash.org/XML/sx"
     xmlns:trn="http://www.gnucash.org/XML/trn"
     xmlns:ts="http://www.gnucash.org/XML/ts"
     xmlns:cust="http://www.gnucash.org/XML/cust"
     xmlns:job="http://www.gnucash.org/XML/job"
     xmlns:addr="http://www.gnucash.org/XML/addr"
     xmlns:owner="http://www.gnucash.org/XML/owner"
     xmlns:taxtable="http://www.gnucash.org/XML/taxtable"
     xmlns:tte="http://www.gnucash.org/XML/tte"
     xmlns:employee="http://www.gnucash.org/XML/employee"
     xmlns:order="http://www.gnucash.org/XML/order"
     xmlns:billterm="http://www.gnucash.org/XML/billterm"
     xmlns:bt-days="http://www.gnucash.org/XML/bt-days"
     xmlns:bt-prox="http://www.gnucash.org/XML/bt-prox"
     xmlns:invoice="http://www.gnucash.org/XML/invoice"
     xmlns:entry="http://www.gnucash.org/XML/entry"
     xmlns:vendor="http://www.gnucash.org/XML/vendor">
<gnc:count-data cd:type="account">39</gnc:count-data>
<gnc:count-data cd:type="transaction">347</gnc:count-data>
<gnc:account version="2.0.0">
  <act:name>Cathy Bank</act:name>
  <act:id type="guid">7be24f20929f644872ca1718cdd80bee</act:id>
  <act:type>BANK</act:type>
  <act:commodity>
    <cmdty:space>ISO4217</cmdty:space>
    <cmdty:id>USD</cmdty:id>
  </act:commodity>
  <act:commodity-scu>100</act:commodity-scu>
</gnc:account>
<gnc:account version="2.0.0">
  <act:name>New Bank</act:name>
  <act:id type="guid">ab52d1a8fbd5883a788d51bd29c77e84</act:id>
  <act:type>BANK</act:type>
  <act:commodity>
    <cmdty:space>ISO4217</cmdty:space>
    <cmdty:id>USD</cmdty:id>
  </act:commodity>
  <act:commodity-scu>100</act:commodity-scu>
</gnc:account>
<gnc:account version="2.0.0">
  <act:name>School Credit</act:name>
  <act:id type="guid">6cdb61279507abc41065ae0cfc49e314</act:id>
  <act:type>BANK</act:type>
  <act:commodity>
    <cmdty:space>ISO4217</cmdty:space>
    <cmdty:id>USD</cmdty:id>
  </act:commodity>
  <act:commodity-scu>100</act:commodity-scu>
</gnc:account>
<gnc:account version="2.0.0">
  <act:name>Dividend</act:name>
  <act:id type="guid">4ac81d62b599798f057b2dd83a5d89fb</act:id>
  <act:type>INCOME</act:type>
  <act:commodity>
    <cmdty:space>ISO4217</cmdty:space>
    <cmdty:id>USD</cmdty:id>
  </act:commodity>
  <act:commodity-scu>100</act:commodity-scu>
</gnc:account>
<gnc:account version="2.0.0">
  <act:name>Other Income</act:name>
  <act:id type="guid">fd1d2d2d58ceefc149f572a1e6936cec</act:id>
  <act:type>INCOME</act:type>
  <act:commodity>
    <cmdty:space>ISO4217</cmdty:space>
    <cmdty:id>USD</cmdty:id>
  </act:commodity>
  <act:commodity-scu>100</act:commodity-scu>
</gnc:account>
<gnc:account version="2.0.0">
  <act:name>Credit balance</act:name>
  <act:id type="guid">65adcfc02d0f936916bb49b994895c89</act:id>
  <act:type>INCOME</act:type>
  <act:commodity>
    <cmdty:space>ISO4217</cmdty:space>
    <cmdty:id>USD</cmdty:id>
  </act:commodity>
  <act:commodity-scu>100</act:commodity-scu>
  <act:parent type="guid">fd1d2d2d58ceefc149f572a1e6936cec</act:parent>
</gnc:account>
<gnc:account version="2.0.0">
  <act:name>Refund</act:name>
  <act:id type="guid">c1c71598e096d9ab5565f096db36ed59</act:id>
  <act:type>INCOME</act:type>
  <act:commodity>
    <cmdty:space>ISO4217</cmdty:space>
    <cmdty:id>USD</cmdty:id>
  </act:commodity>
  <act:commodity-scu>100</act:commodity-scu>
</gnc:account>
<gnc:account version="2.0.0">
  <act:name>Reimbursement</act:name>
  <act:id type="guid">60a59d2467d55241a1f13d5c0c43fa1b</act:id>
  <act:type>INCOME</act:type>
  <act:commodity>
    <cmdty:space>ISO4217</cmdty:space>
    <cmdty:id>USD</cmdty:id>
  </act:commodity>
  <act:commodity-scu>100</act:commodity-scu>
</gnc:account>
<gnc:account version="2.0.0">
  <act:name>Camcorder</act:name>
  <act:id type="guid">56c1924305fc9b5667ff93ed389f571a</act:id>
  <act:type>INCOME</act:type>
  <act:commodity>
    <cmdty:space>ISO4217</cmdty:space>
    <cmdty:id>USD</cmdty:id>
  </act:commodity>
  <act:commodity-scu>100</act:commodity-scu>
  <act:parent type="guid">60a59d2467d55241a1f13d5c0c43fa1b</act:parent>
</gnc:account>
<gnc:account version="2.0.0">
  <act:name>Tax Refund</act:name>
  <act:id type="guid">15a7de112614d62d993dfcc43ff70142</act:id>
  <act:type>INCOME</act:type>
  <act:commodity>
    <cmdty:space>ISO4217</cmdty:space>
    <cmdty:id>USD</cmdty:id>
  </act:commodity>
  <act:commodity-scu>100</act:commodity-scu>
</gnc:account>
<gnc:account version="2.0.0">
  <act:name>Unspecified</act:name>
  <act:id type="guid">9defb6c42135fa2f4036762c8926c8ca</act:id>
  <act:type>INCOME</act:type>
  <act:commodity>
    <cmdty:space>ISO4217</cmdty:space>
    <cmdty:id>USD</cmdty:id>
  </act:commodity>
  <act:commodity-scu>100</act:commodity-scu>
</gnc:account>
<gnc:account version="2.0.0">
  <act:name>WS</act:name>
  <act:id type="guid">4da6e3f697287c126a6827efd63a0b43</act:id>
  <act:type>INCOME</act:type>
  <act:commodity>
    <cmdty:space>ISO4217</cmdty:space>
    <cmdty:id>USD</cmdty:id>
  </act:commodity>
  <act:commodity-scu>100</act:commodity-scu>
</gnc:account>
<gnc:account version="2.0.0">
  <act:name>A</act:name>
  <act:id type="guid">74446cb1e9d9fb729f0d002aea325430</act:id>
  <act:type>EXPENSE</act:type>
  <act:commodity>
    <cmdty:space>ISO4217</cmdty:space>
    <cmdty:id>USD</cmdty:id>
  </act:commodity>
  <act:commodity-scu>100</act:commodity-scu>
</gnc:account>
<gnc:account version="2.0.0">
  <act:name>Insurance</act:name>
  <act:id type="guid">73f01092a778ac5f25d1f95c1f34a6eb</act:id>
  <act:type>EXPENSE</act:type>
  <act:commodity>
    <cmdty:space>ISO4217</cmdty:space>
    <cmdty:id>USD</cmdty:id>
  </act:commodity>
  <act:commodity-scu>100</act:commodity-scu>
  <act:parent type="guid">74446cb1e9d9fb729f0d002aea325430</act:parent>
</gnc:account>
<gnc:account version="2.0.0">
  <act:name>M</act:name>
  <act:id type="guid">2dba4680e7c14b4f1b3f60cc75959daa</act:id>
  <act:type>EXPENSE</act:type>
  <act:commodity>
    <cmdty:space>ISO4217</cmdty:space>
    <cmdty:id>USD</cmdty:id>
  </act:commodity>
  <act:commodity-scu>100</act:commodity-scu>
  <act:parent type="guid">74446cb1e9d9fb729f0d002aea325430</act:parent>
</gnc:account>
<gnc:account version="2.0.0">
  <act:name>Membership</act:name>
  <act:id type="guid">f5b32f79be8cc4952e6e2ddd4077b0fa</act:id>
  <act:type>EXPENSE</act:type>
  <act:commodity>
    <cmdty:space>ISO4217</cmdty:space>
    <cmdty:id>USD</cmdty:id>
  </act:commodity>
  <act:commodity-scu>100</act:commodity-scu>
  <act:parent type="guid">74446cb1e9d9fb729f0d002aea325430</act:parent>
</gnc:account>
<gnc:account version="2.0.0">
  <act:name>T</act:name>
  <act:id type="guid">ee3d0e82c9b191091e61d4d1bc8da9f3</act:id>
  <act:type>EXPENSE</act:type>
  <act:commodity>
    <cmdty:space>ISO4217</cmdty:space>
    <cmdty:id>USD</cmdty:id>
  </act:commodity>
  <act:commodity-scu>100</act:commodity-scu>
  <act:parent type="guid">74446cb1e9d9fb729f0d002aea325430</act:parent>
</gnc:account>
<gnc:account version="2.0.0">
  <act:name>W</act:name>
  <act:id type="guid">3451d55fd6957c001991ac7b98402b04</act:id>
  <act:type>EXPENSE</act:type>
  <act:commodity>
    <cmdty:space>ISO4217</cmdty:space>
    <cmdty:id>USD</cmdty:id>
  </act:commodity>
  <act:commodity-scu>100</act:commodity-scu>
  <act:parent type="guid">74446cb1e9d9fb729f0d002aea325430</act:parent>
</gnc:account>
<gnc:account version="2.0.0">
  <act:name>Bank Charges</act:name>
  <act:id type="guid">94f1725a16858da2a9832cec4d7c78fa</act:id>
  <act:type>EXPENSE</act:type>
  <act:commodity>
    <cmdty:space>ISO4217</cmdty:space>
    <cmdty:id>USD</cmdty:id>
  </act:commodity>
  <act:commodity-scu>100</act:commodity-scu>
</gnc:account>
<gnc:account version="2.0.0">
  <act:name>Bills</act:name>
  <act:id type="guid">b978ff4097c571ecbbd134bd50cb439f</act:id>
  <act:type>EXPENSE</act:type>
  <act:commodity>
    <cmdty:space>ISO4217</cmdty:space>
    <cmdty:id>USD</cmdty:id>
  </act:commodity>
  <act:commodity-scu>100</act:commodity-scu>
</gnc:account>
<gnc:account version="2.0.0">
  <act:name>Electricity</act:name>
  <act:id type="guid">92b05cc5070282b02b05e60f161a5882</act:id>
  <act:type>EXPENSE</act:type>
  <act:commodity>
    <cmdty:space>ISO4217</cmdty:space>
    <cmdty:id>USD</cmdty:id>
  </act:commodity>
  <act:commodity-scu>100</act:commodity-scu>
  <act:parent type="guid">b978ff4097c571ecbbd134bd50cb439f</act:parent>
</gnc:account>
<gnc:account version="2.0.0">
  <act:name>Natural Gas</act:name>
  <act:id type="guid">51feb1a2384a8b12a1738d5561c9ea7a</act:id>
  <act:type>EXPENSE</act:type>
  <act:commodity>
    <cmdty:space>ISO4217</cmdty:space>
    <cmdty:id>USD</cmdty:id>
  </act:commodity>
  <act:commodity-scu>100</act:commodity-scu>
  <act:parent type="guid">b978ff4097c571ecbbd134bd50cb439f</act:parent>
</gnc:account>
<gnc:account version="2.0.0">
  <act:name>Rent</act:name>
  <act:id type="guid">329b2c5196efdaf54e1321e05b9f0875</act:id>
  <act:type>EXPENSE</act:type>
  <act:commodity>
    <cmdty:space>ISO4217</cmdty:space>
    <cmdty:id>USD</cmdty:id>
  </act:commodity>
  <act:commodity-scu>100</act:commodity-scu>
  <act:parent type="guid">b978ff4097c571ecbbd134bd50cb439f</act:parent>
</gnc:account>
<gnc:account version="2.0.0">
  <act:name>Telephone</act:name>
  <act:id type="guid">8d9a8e4928257f0b0aaee042057d8012</act:id>
  <act:type>EXPENSE</act:type>
  <act:commodity>
    <cmdty:space>ISO4217</cmdty:space>
    <cmdty:id>USD</cmdty:id>
  </act:commodity>
  <act:commodity-scu>100</act:commodity-scu>
  <act:parent type="guid">b978ff4097c571ecbbd134bd50cb439f</act:parent>
</gnc:account>
<gnc:account version="2.0.0">
  <act:name>Clothing</act:name>
  <act:id type="guid">baaf4f690ee338fe4b0cf67dd6c2bf8a</act:id>
  <act:type>EXPENSE</act:type>
  <act:commodity>
    <cmdty:space>ISO4217</cmdty:space>
    <cmdty:id>USD</cmdty:id>
  </act:commodity>
  <act:commodity-scu>100</act:commodity-scu>
  <act:description>Clothing</act:description>
</gnc:account>
<gnc:account version="2.0.0">
  <act:name>Credit Card</act:name>
  <act:id type="guid">5fc1c6a2a79889318f644120ac82c8ee</act:id>
  <act:type>EXPENSE</act:type>
  <act:commodity>
    <cmdty:space>ISO4217</cmdty:space>
    <cmdty:id>USD</cmdty:id>
  </act:commodity>
  <act:commodity-scu>100</act:commodity-scu>
</gnc:account>
<gnc:account version="2.0.0">
  <act:name>Education</act:name>
  <act:id type="guid">f981711ab9d0c5ca6b75d0b5a8ee261b</act:id>
  <act:type>EXPENSE</act:type>
  <act:commodity>
    <cmdty:space>ISO4217</cmdty:space>
    <cmdty:id>USD</cmdty:id>
  </act:commodity>
  <act:commodity-scu>100</act:commodity-scu>
  <act:description>Education</act:description>
</gnc:account>
<gnc:account version="2.0.0">
  <act:name>Food</act:name>
  <act:id type="guid">073d73615847b401ef859cc852509ab7</act:id>
  <act:type>EXPENSE</act:type>
  <act:commodity>
    <cmdty:space>ISO4217</cmdty:space>
    <cmdty:id>USD</cmdty:id>
  </act:commodity>
  <act:commodity-scu>100</act:commodity-scu>
</gnc:account>
<gnc:account version="2.0.0">
  <act:name>Groceries</act:name>
  <act:id type="guid">594ee4adb251ad1515794a77837ae15c</act:id>
  <act:type>EXPENSE</act:type>
  <act:commodity>
    <cmdty:space>ISO4217</cmdty:space>
    <cmdty:id>USD</cmdty:id>
  </act:commodity>
  <act:commodity-scu>100</act:commodity-scu>
  <act:parent type="guid">073d73615847b401ef859cc852509ab7</act:parent>
</gnc:account>
<gnc:account version="2.0.0">
  <act:name>Healthcare</act:name>
  <act:id type="guid">60845136829c50ec4a09675a08c2da24</act:id>
  <act:type>EXPENSE</act:type>
  <act:commodity>
    <cmdty:space>ISO4217</cmdty:space>
    <cmdty:id>USD</cmdty:id>
  </act:commodity>
  <act:commodity-scu>100</act:commodity-scu>
</gnc:account>
<gnc:account version="2.0.0">
  <act:name>Insurance</act:name>
  <act:id type="guid">2f38dff5dceaa7e0ee4d645a19215103</act:id>
  <act:type>EXPENSE</act:type>
  <act:commodity>
    <cmdty:space>ISO4217</cmdty:space>
    <cmdty:id>USD</cmdty:id>
  </act:commodity>
  <act:commodity-scu>100</act:commodity-scu>
</gnc:account>
<gnc:account version="2.0.0">
  <act:name>A</act:name>
  <act:id type="guid">cc640e911a739a6f58675333704ce9de</act:id>
  <act:type>EXPENSE</act:type>
  <act:commodity>
    <cmdty:space>ISO4217</cmdty:space>
    <cmdty:id>USD</cmdty:id>
  </act:commodity>
  <act:commodity-scu>100</act:commodity-scu>
  <act:parent type="guid">2f38dff5dceaa7e0ee4d645a19215103</act:parent>
</gnc:account>
<gnc:account version="2.0.0">
  <act:name>Leisure</act:name>
  <act:id type="guid">246d4bbc03fd4ebfc817afda54011ebc</act:id>
  <act:type>EXPENSE</act:type>
  <act:commodity>
    <cmdty:space>ISO4217</cmdty:space>
    <cmdty:id>USD</cmdty:id>
  </act:commodity>
  <act:commodity-scu>100</act:commodity-scu>
</gnc:account>
<gnc:account version="2.0.0">
  <act:name>Photo</act:name>
  <act:id type="guid">9963d86a4c411a32c1991a9b91f634fd</act:id>
  <act:type>EXPENSE</act:type>
  <act:commodity>
    <cmdty:space>ISO4217</cmdty:space>
    <cmdty:id>USD</cmdty:id>
  </act:commodity>
  <act:commodity-scu>100</act:commodity-scu>
  <act:parent type="guid">246d4bbc03fd4ebfc817afda54011ebc</act:parent>
</gnc:account>
<gnc:account version="2.0.0">
  <act:name>Misc</act:name>
  <act:id type="guid">e9b94c2baee4d4f9489a856f4a8a06e0</act:id>
  <act:type>EXPENSE</act:type>
  <act:commodity>
    <cmdty:space>ISO4217</cmdty:space>
    <cmdty:id>USD</cmdty:id>
  </act:commodity>
  <act:commodity-scu>100</act:commodity-scu>
  <act:description>Miscellaneous</act:description>
</gnc:account>
<gnc:account version="2.0.0">
  <act:name>Miscellaneous</act:name>
  <act:id type="guid">96d92c6744c5df991da54c700630fe72</act:id>
  <act:type>EXPENSE</act:type>
  <act:commodity>
    <cmdty:space>ISO4217</cmdty:space>
    <cmdty:id>USD</cmdty:id>
  </act:commodity>
  <act:commodity-scu>100</act:commodity-scu>
</gnc:account>
<gnc:account version="2.0.0">
  <act:name>Student account</act:name>
  <act:id type="guid">a4267ec85727c7c75d9ddea58f2fd26e</act:id>
  <act:type>EXPENSE</act:type>
  <act:commodity>
    <cmdty:space>ISO4217</cmdty:space>
    <cmdty:id>USD</cmdty:id>
  </act:commodity>
  <act:commodity-scu>100</act:commodity-scu>
  <act:parent type="guid">96d92c6744c5df991da54c700630fe72</act:parent>
</gnc:account>
<gnc:account version="2.0.0">
  <act:name>TD</act:name>
  <act:id type="guid">c791e88d9c25ef9cbdab5d4b9f51fde9</act:id>
  <act:type>EXPENSE</act:type>
  <act:commodity>
    <cmdty:space>ISO4217</cmdty:space>
    <cmdty:id>USD</cmdty:id>
  </act:commodity>
  <act:commodity-scu>100</act:commodity-scu>
</gnc:account>
<gnc:account version="2.0.0">
  <act:name>Retained Earnings</act:name>
  <act:id type="guid">c4eb84e774bfe977982edc87793e44cf</act:id>
  <act:type>EQUITY</act:type>
  <act:commodity>
    <cmdty:space>ISO4217</cmdty:space>
    <cmdty:id>USD</cmdty:id>
  </act:commodity>
  <act:commodity-scu>100</act:commodity-scu>
</gnc:account>
<gnc:transaction version="2.0.0">
  <trn:id type="guid">58a96777671bde4e1352e2b061edd814</trn:id>
  <trn:date-posted>
    <ts:date>1996-10-21 00:00:00 -0400</ts:date>
  </trn:date-posted>
  <trn:date-entered>
    <ts:date>2001-03-26 15:43:52 -0500</ts:date>
    <ts:ns>179866000</ts:ns>
  </trn:date-entered>
  <trn:description></trn:description>
  <trn:splits>
    <trn:split>
      <split:id type="guid">c07554061a7c1edc94b6d817ce95cf70</split:id>
      <split:reconciled-state>n</split:reconciled-state>
      <split:value>-200000/100</split:value>
      <split:quantity>-200000/100</split:quantity>
      <split:account type="guid">7be24f20929f644872ca1718cdd80bee</split:account>
    </trn:split>
    <trn:split>
      <split:id type="guid">148a4765dc4436ee5c1eaafd6d3c9139</split:id>
      <split:reconciled-state>n</split:reconciled-state>
      <split:value>200000/100</split:value>
      <split:quantity>200000/100</split:quantity>
      <split:account type="guid">ab52d1a8fbd5883a788d51bd29c77e84</split:account>
    </trn:split>
  </trn:splits>
</gnc:transaction>
<gnc:transaction version="2.0.0">
  <trn:id type="guid">44c29ce13894bb26ff6f0d3bc4f0375e</trn:id>
  <trn:date-posted>
    <ts:date>1996-12-16 00:00:00 -0500</ts:date>
  </trn:date-posted>
  <trn:date-entered>
    <ts:date>2001-03-26 15:43:52 -0500</ts:date>
    <ts:ns>378164000</ts:ns>
  </trn:date-entered>
  <trn:description></trn:description>
  <trn:splits>
    <trn:split>
      <split:id type="guid">6d17fc63b9326c16e61db10e85509d6c</split:id>
      <split:reconciled-state>n</split:reconciled-state>
      <split:value>-400000/100</split:value>
      <split:quantity>-400000/100</split:quantity>
      <split:account type="guid">7be24f20929f644872ca1718cdd80bee</split:account>
    </trn:split>
    <trn:split>
      <split:id type="guid">dfcc23eee0f32911ae005b90538c379c</split:id>
      <split:reconciled-state>n</split:reconciled-state>
      <split:value>400000/100</split:value>
      <split:quantity>400000/100</split:quantity>
      <split:account type="guid">ab52d1a8fbd5883a788d51bd29c77e84</split:account>
    </trn:split>
  </trn:splits>
</gnc:transaction>
<gnc:transaction version="2.0.0">
  <trn:id type="guid">bead2eb49dcc8ee8167d0e524de98b30</trn:id>
  <trn:date-posted>
    <ts:date>1997-01-23 00:00:00 -0500</ts:date>
  </trn:date-posted>
  <trn:date-entered>
    <ts:date>2001-03-26 15:43:52 -0500</ts:date>
    <ts:ns>502983000</ts:ns>
  </trn:date-entered>
  <trn:description></trn:description>
  <trn:splits>
    <trn:split>
      <split:id type="guid">1977cbb7a2d16a694a8f1fe78761f17c</split:id>
      <split:reconciled-state>n</split:reconciled-state>
      <split:value>-150000/100</split:value>
      <split:quantity>-150000/100</split:quantity>
      <split:account type="guid">7be24f20929f644872ca1718cdd80bee</split:account>
    </trn:split>
    <trn:split>
      <split:id type="guid">284a6d6f1c251e7abede285836c8789e</split:id>
      <split:reconciled-state>n</split:reconciled-state>
      <split:value>150000/100</split:value>
      <split:quantity>150000/100</split:quantity>
      <split:account type="guid">ab52d1a8fbd5883a788d51bd29c77e84</split:account>
    </trn:split>
  </trn:splits>
</gnc:transaction>
<gnc:transaction version="2.0.0">
  <trn:id type="guid">b8c1dbc879e5bc8a14afc2fbc82af2a4</trn:id>
  <trn:date-posted>
    <ts:date>1995-12-03 00:00:00 -0500</ts:date>
  </trn:date-posted>
  <trn:date-entered>
    <ts:date>2001-03-26 15:43:51 -0500</ts:date>
    <ts:ns>558557000</ts:ns>
  </trn:date-entered>
  <trn:description>Opening Balance</trn:description>
  <trn:splits>
    <trn:split>
      <split:id type="guid">ec448413f05dfb65c088e8789a20ac97</split:id>
      <split:reconciled-state>n</split:reconciled-state>
      <split:value>-470657/100</split:value>
      <split:quantity>-470657/100</split:quantity>
      <split:account type="guid">c4eb84e774bfe977982edc87793e44cf</split:account>
    </trn:split>
    <trn:split>
      <split:id type="guid">ea16b703a9ce91510924473dd0f0048f</split:id>
      <split:reconciled-state>y</split:reconciled-state>
      <split:value>470657/100</split:value>
      <split:quantity>470657/100</split:quantity>
      <split:account type="guid">ab52d1a8fbd5883a788d51bd29c77e84</split:account>
    </trn:split>
  </trn:splits>
</gnc:transaction>
<gnc:transaction version="2.0.0">
  <trn:id type="guid">3cc45b7b981a2bd05bfc51822adb09bc</trn:id>
  <trn:date-posted>
    <ts:date>1995-12-03 00:00:00 -0500</ts:date>
  </trn:date-posted>
  <trn:date-entered>
    <ts:date>2001-03-26 15:43:51 -0500</ts:date>
    <ts:ns>560035000</ts:ns>
  </trn:date-entered>
  <trn:description>Boss1</trn:description>
  <trn:splits>
    <trn:split>
      <split:id type="guid">dac5b60425b0978a9b7416f91c7cb1a6</split:id>
      <split:reconciled-state>n</split:reconciled-state>
      <split:value>-100481/100</split:value>
      <split:quantity>-100481/100</split:quantity>
      <split:account type="guid">4da6e3f697287c126a6827efd63a0b43</split:account>
    </trn:split>
    <trn:split>
      <split:id type="guid">719c7d0d65e5025d825c8aa400dba02f</split:id>
      <split:reconciled-state>n</split:reconciled-state>
      <split:value>100481/100</split:value>
      <split:quantity>100481/100</split:quantity>
      <split:account type="guid">ab52d1a8fbd5883a788d51bd29c77e84</split:account>
    </trn:split>
  </trn:splits>
</gnc:transaction>
<gnc:transaction version="2.0.0">
  <trn:id type="guid">db2d8a1b112173618809ebdae946d23b</trn:id>
  <trn:num>106</trn:num>
  <trn:date-posted>
    <ts:date>1995-12-03 00:00:00 -0500</ts:date>
  </trn:date-posted>
  <trn:date-entered>
    <ts:date>2001-03-26 15:43:51 -0500</ts:date>
    <ts:ns>562204000</ts:ns>
  </trn:date-entered>
  <trn:description>Landlord</trn:description>
  <trn:splits>
    <trn:split>
      <split:id type="guid">3f8fc3f8bdbc5c7fa5c5e963494d4f71</split:id>
      <split:reconciled-state>n</split:reconciled-state>
      <split:value>52500/100</split:value>
      <split:quantity>52500/100</split:quantity>
      <split:account type="guid">329b2c5196efdaf54e1321e05b9f0875</split:account>
    </trn:split>
    <trn:split>
      <split:id type="guid">71d905dbaedb78e9059bfdbafc5ea340</split:id>
      <split:reconciled-state>n</split:reconciled-state>
      <split:value>-52500/100</split:value>
      <split:quantity>-52500/100</split:quantity>
      <split:account type="guid">ab52d1a8fbd5883a788d51bd29c77e84</split:account>
    </trn:split>
  </trn:splits>
</gnc:transaction>
<gnc:transaction version="2.0.0">
  <trn:id type="guid">244ca826ec18de09a4b2105b9bda9b16</trn:id>
  <trn:num>107</trn:num>
  <trn:date-posted>
    <ts:date>1995-12-05 00:00:00 -0500</ts:date>
  </trn:date-posted>
  <trn:date-entered>
    <ts:date>2001-03-26 15:43:51 -0500</ts:date>
    <ts:ns>563780000</ts:ns>
  </trn:date-entered>
  <trn:description>Insurance</trn:description>
  <trn:splits>
    <trn:split>
      <split:id type="guid">a4cae54129c6b39885d89220f7756498</split:id>
      <split:reconciled-state>n</split:reconciled-state>
      <split:value>53960/100</split:value>
      <split:quantity>53960/100</split:quantity>
      <split:account type="guid">cc640e911a739a6f58675333704ce9de</split:account>
    </trn:split>
    <trn:split>
      <split:id type="guid">089831a2e80c59c44b13c06282843c66</split:id>
      <split:reconciled-state>n</split:reconciled-state>
      <split:value>-53960/100</split:value>
      <split:quantity>-53960/100</split:quantity>
      <split:account type="guid">ab52d1a8fbd5883a788d51bd29c77e84</split:account>
    </trn:split>
  </trn:splits>
</gnc:transaction>
<gnc:transaction version="2.0.0">
  <trn:id type="guid">99975bb56e4e9a36fd83d72519664897</trn:id>
  <trn:date-posted>
    <ts:date>1995-12-08 00:00:00 -0500</ts:date>
  </trn:date-posted>
  <trn:date-entered>
    <ts:date>2001-03-26 15:43:51 -0500</ts:date>
    <ts:ns>566323000</ts:ns>
  </trn:date-entered>
  <trn:description>School</trn:description>
  <trn:splits>
    <trn:split>
      <split:id type="guid">7cbab3a5591c284001411fed936303e4</split:id>
      <split:reconciled-state>n</split:reconciled-state>
      <split:value>-126788/100</split:value>
      <split:quantity>-126788/100</split:quantity>
      <split:account type="guid">4da6e3f697287c126a6827efd63a0b43</split:account>
    </trn:split>
    <trn:split>
      <split:id type="guid">8ef8c5f78462b8485c4e172f23701acf</split:id>
      <split:reconciled-state>n</split:reconciled-state>
      <split:value>126788/100</split:value>
      <split:quantity>126788/100</split:quantity>
      <split:account type="guid">ab52d1a8fbd5883a788d51bd29c77e84</split:account>
    </trn:split>
  </trn:splits>
</gnc:transaction>
<gnc:transaction version="2.0.0">
  <trn:id type="guid">e1d961019b80933e892b77610a35749e</trn:id>
  <trn:num>108</trn:num>
  <trn:date-posted>
    <ts:date>1995-12-08 00:00:00 -0500</ts:date>
  </trn:date-posted>
  <trn:date-entered>
    <ts:date>2001-03-26 15:43:51 -0500</ts:date>
    <ts:ns>567822000</ts:ns>
  </trn:date-entered>
  <trn:description>Pacific Bell</trn:description>
  <trn:splits>
    <trn:split>
      <split:id type="guid">8569dd0591d5da86d3b593136c0353ff</split:id>
      <split:reconciled-state>n</split:reconciled-state>
      <split:value>5683/100</split:value>
      <split:quantity>5683/100</split:quantity>
      <split:account type="guid">8d9a8e4928257f0b0aaee042057d8012</split:account>
    </trn:split>
    <trn:split>
      <split:id type="guid">98b820e98a4af4e8fb843c5f40dce0c0</split:id>
      <split:reconciled-state>n</split:reconciled-state>
      <split:value>-5683/100</split:value>
      <split:quantity>-5683/100</split:quantity>
      <split:account type="guid">ab52d1a8fbd5883a788d51bd29c77e84</split:account>
    </trn:split>
  </trn:splits>
</gnc:transaction>
<gnc:transaction version="2.0.0">
  <trn:id type="guid">ab4c64adb83c07941bd80813e4f1e7bf</trn:id>
  <trn:num>109</trn:num>
  <trn:date-posted>
    <ts:date>1995-12-08 00:00:00 -0500</ts:date>
  </trn:date-posted>
  <trn:date-entered>
    <ts:date>2001-03-26 15:43:51 -0500</ts:date>
    <ts:ns>569328000</ts:ns>
  </trn:date-entered>
  <trn:description>W Bank</trn:description>
  <trn:splits>
    <trn:split>
      <split:id type="guid">3401b82fd2a508916d991e64596a7fe2</split:id>
      <split:reconciled-state>n</split:reconciled-state>
      <split:value>75127/100</split:value>
      <split:quantity>75127/100</split:quantity>
      <split:account type="guid">5fc1c6a2a79889318f644120ac82c8ee</split:account>
    </trn:split>
    <trn:split>
      <split:id type="guid">4f42b001d243c12f11259450ceaa3a73</split:id>
      <split:reconciled-state>n</split:reconciled-state>
      <split:value>-75127/100</split:value>
      <split:quantity>-75127/100</split:quantity>
      <split:account type="guid">ab52d1a8fbd5883a788d51bd29c77e84</split:account>
    </trn:split>
  </trn:splits>
</gnc:transaction>
<gnc:transaction version="2.0.0">
  <trn:id type="guid">d71beebfa9c719845519f6926da5dbf8</trn:id>
  <trn:date-posted>
    <ts:date>1995-12-09 00:00:00 -0500</ts:date>
  </trn:date-posted>
  <trn:date-entered>
    <ts:date>2001-03-26 15:43:51 -0500</ts:date>
    <ts:ns>570809000</ts:ns>
  </trn:date-entered>
  <trn:description>Boss1</trn:description>
  <trn:splits>
    <trn:split>
      <split:id type="guid">0b6af5c8050e7d4361ae105a648dd27e</split:id>
      <split:reconciled-state>n</split:reconciled-state>
      <split:value>-60000/100</split:value>
      <split:quantity>-60000/100</split:quantity>
      <split:account type="guid">4da6e3f697287c126a6827efd63a0b43</split:account>
    </trn:split>
    <trn:split>
      <split:id type="guid">4f3fe6ac31c84792091900dec0e1e451</split:id>
      <split:reconciled-state>n</split:reconciled-state>
      <split:value>60000/100</split:value>
      <split:quantity>60000/100</split:quantity>
      <split:account type="guid">ab52d1a8fbd5883a788d51bd29c77e84</split:account>
    </trn:split>
  </trn:splits>
</gnc:transaction>
<gnc:transaction version="2.0.0">
  <trn:id type="guid">67111f21a8a48dfe515d60fb2f958689</trn:id>
  <trn:num>110</trn:num>
  <trn:date-posted>
    <ts:date>1995-12-11 00:00:00 -0500</ts:date>
  </trn:date-posted>
  <trn:date-entered>
    <ts:date>2001-03-26 15:43:51 -0500</ts:date>
    <ts:ns>572524000</ts:ns>
  </trn:date-entered>
  <trn:description>F Visa</trn:description>
  <trn:splits>
    <trn:split>
      <split:id type="guid">e9215e7cc45b4882850acd71073efede</split:id>
      <split:reconciled-state>n</split:reconciled-state>
      <split:value>500000/100</split:value>
      <split:quantity>500000/100</split:quantity>
      <split:account type="guid">5fc1c6a2a79889318f644120ac82c8ee</split:account>
    </trn:split>
    <trn:split>
      <split:id type="guid">ed864071ab0d34239b4b3ca75ae1aaa3</split:id>
      <split:reconciled-state>n</split:reconciled-state>
      <split:value>-500000/100</split:value>
      <split:quantity>-500000/100</split:quantity>
      <split:account type="guid">ab52d1a8fbd5883a788d51bd29c77e84</split:account>
    </trn:split>
  </trn:splits>
</gnc:transaction>
<gnc:transaction version="2.0.0">
  <trn:id type="guid">94a3ca9fe21b81cc55d445f9b9161232</trn:id>
  <trn:date-posted>
    <ts:date>1995-12-20 00:00:00 -0500</ts:date>
  </trn:date-posted>
  <trn:date-entered>
    <ts:date>2001-03-26 15:43:51 -0500</ts:date>
    <ts:ns>574826000</ts:ns>
  </trn:date-entered>
  <trn:description>C Master Card</trn:description>
  <trn:splits>
    <trn:split>
      <split:id type="guid">9623f2d3b69e4e26d2ad1d5ca4b7119b</split:id>
      <split:reconciled-state>n</split:reconciled-state>
      <split:value>-106594/100</split:value>
      <split:quantity>-106594/100</split:quantity>
      <split:account type="guid">65adcfc02d0f936916bb49b994895c89</split:account>
    </trn:split>
    <trn:split>
      <split:id type="guid">12aae15e9edd0e18cfe1aa13c21ef6c4</split:id>
      <split:reconciled-state>n</split:reconciled-state>
      <split:value>106594/100</split:value>
      <split:quantity>106594/100</split:quantity>
      <split:account type="guid">ab52d1a8fbd5883a788d51bd29c77e84</split:account>
    </trn:split>
  </trn:splits>
</gnc:transaction>
<gnc:transaction version="2.0.0">
  <trn:id type="guid">2c99b41f07fa877b188eb2405edc67a0</trn:id>
  <trn:date-posted>
    <ts:date>1995-12-22 00:00:00 -0500</ts:date>
  </trn:date-posted>
  <trn:date-entered>
    <ts:date>2001-03-26 15:43:51 -0500</ts:date>
    <ts:ns>576494000</ts:ns>
  </trn:date-entered>
  <trn:description>Cash</trn:description>
  <trn:splits>
    <trn:split>
      <split:id type="guid">37a67df948b79054d620b2f629cc5f05</split:id>
      <split:reconciled-state>n</split:reconciled-state>
      <split:value>8000/100</split:value>
      <split:quantity>8000/100</split:quantity>
      <split:account type="guid">9defb6c42135fa2f4036762c8926c8ca</split:account>
    </trn:split>
    <trn:split>
      <split:id type="guid">37aa6d6b304d566ad3f90d5d35761e96</split:id>
      <split:reconciled-state>n</split:reconciled-state>
      <split:value>-8000/100</split:value>
      <split:quantity>-8000/100</split:quantity>
      <split:account type="guid">ab52d1a8fbd5883a788d51bd29c77e84</split:account>
    </trn:split>
  </trn:splits>
</gnc:transaction>
<gnc:transaction version="2.0.0">
  <trn:id type="guid">7a3b3c10be8a7f2ec56e2bdbcca5a451</trn:id>
  <trn:num>111</trn:num>
  <trn:date-posted>
    <ts:date>1995-12-27 00:00:00 -0500</ts:date>
  </trn:date-posted>
  <trn:date-entered>
    <ts:date>2001-03-26 15:43:51 -0500</ts:date>
    <ts:ns>578040000</ts:ns>
  </trn:date-entered>
  <trn:description>B&apos;s Supermarket</trn:description>
  <trn:splits>
    <trn:split>
      <split:id type="guid">35cc0b70617e750b45f1cf72cfd68fa8</split:id>
      <split:reconciled-state>n</split:reconciled-state>
      <split:value>989/100</split:value>
      <split:quantity>989/100</split:quantity>
      <split:account type="guid">073d73615847b401ef859cc852509ab7</split:account>
    </trn:split>
    <trn:split>
      <split:id type="guid">0ecef524de9db3a4356813b129083302</split:id>
      <split:reconciled-state>n</split:reconciled-state>
      <split:value>-989/100</split:value>
      <split:quantity>-989/100</split:quantity>
      <split:account type="guid">ab52d1a8fbd5883a788d51bd29c77e84</split:account>
    </trn:split>
  </trn:splits>
</gnc:transaction>
<gnc:transaction version="2.0.0">
  <trn:id type="guid">3407d28b579ff5ed0d6973bb4b14d49c</trn:id>
  <trn:num>112</trn:num>
  <trn:date-posted>
    <ts:date>1995-12-27 00:00:00 -0500</ts:date>
  </trn:date-posted>
  <trn:date-entered>
    <ts:date>2001-03-26 15:43:51 -0500</ts:date>
    <ts:ns>579581000</ts:ns>
  </trn:date-entered>
  <trn:description>Court</trn:description>
  <trn:splits>
    <trn:split>
      <split:id type="guid">539442ca9b8b3dbfcacde2703a76fedc</split:id>
      <split:reconciled-state>n</split:reconciled-state>
      <split:value>8600/100</split:value>
      <split:quantity>8600/100</split:quantity>
      <split:account type="guid">96d92c6744c5df991da54c700630fe72</split:account>
    </trn:split>
    <trn:split>
      <split:id type="guid">c6effc172d1ad69b0e34cb40e13d34af</split:id>
      <split:reconciled-state>n</split:reconciled-state>
      <split:value>-8600/100</split:value>
      <split:quantity>-8600/100</split:quantity>
      <split:account type="guid">ab52d1a8fbd5883a788d51bd29c77e84</split:account>
    </trn:split>
  </trn:splits>
</gnc:transaction>
<gnc:transaction version="2.0.0">
  <trn:id type="guid">caeac9580d30089b57d7b4e323776ede</trn:id>
  <trn:num>113</trn:num>
  <trn:date-posted>
    <ts:date>1995-12-27 00:00:00 -0500</ts:date>
  </trn:date-posted>
  <trn:date-entered>
    <ts:date>2001-03-26 15:43:51 -0500</ts:date>
    <ts:ns>581273000</ts:ns>
  </trn:date-entered>
  <trn:description>AAA</trn:description>
  <trn:splits>
    <trn:split>
      <split:id type="guid">f366762dd8bf22924a1bca5967d6e5f7</split:id>
      <split:reconciled-state>n</split:reconciled-state>
      <split:value>3900/100</split:value>
      <split:quantity>3900/100</split:quantity>
      <split:account type="guid">2dba4680e7c14b4f1b3f60cc75959daa</split:account>
    </trn:split>
    <trn:split>
      <split:id type="guid">85e313f24bd248efa3fec4eb5097a7f8</split:id>
      <split:reconciled-state>n</split:reconciled-state>
      <split:value>-3900/100</split:value>
      <split:quantity>-3900/100</split:quantity>
      <split:account type="guid">ab52d1a8fbd5883a788d51bd29c77e84</split:account>
    </trn:split>
  </trn:splits>
</gnc:transaction>
<gnc:transaction version="2.0.0">
  <trn:id type="guid">549349e9bdb7d97ffe02e06e0c9663b1</trn:id>
  <trn:num>114</trn:num>
  <trn:date-posted>
    <ts:date>1995-12-31 00:00:00 -0500</ts:date>
  </trn:date-posted>
  <trn:date-entered>
    <ts:date>2001-03-26 15:43:51 -0500</ts:date>
    <ts:ns>582830000</ts:ns>
  </trn:date-entered>
  <trn:description>BN</trn:description>
  <trn:splits>
    <trn:split>
      <split:id type="guid">e3a691da9f6fc9ce68a4eac524b33c4c</split:id>
      <split:reconciled-state>n</split:reconciled-state>
      <split:value>5255/100</split:value>
      <split:quantity>5255/100</split:quantity>
      <split:account type="guid">5fc1c6a2a79889318f644120ac82c8ee</split:account>
    </trn:split>
    <trn:split>
      <split:id type="guid">ea7697a7a73532226068f1381df61f01</split:id>
      <split:reconciled-state>n</split:reconciled-state>
      <split:value>-5255/100</split:value>
      <split:quantity>-5255/100</split:quantity>
      <split:account type="guid">ab52d1a8fbd5883a788d51bd29c77e84</split:account>
    </trn:split>
  </trn:splits>
</gnc:transaction>
<gnc:transaction version="2.0.0">
  <trn:id type="guid">abaf65bf081874a1f6f6da0633236e70</trn:id>
  <trn:num>115</trn:num>
  <trn:date-posted>
    <ts:date>1995-12-31 00:00:00 -0500</ts:date>
  </trn:date-posted>
  <trn:date-entered>
    <ts:date>2001-03-26 15:43:51 -0500</ts:date>
    <ts:ns>589237000</ts:ns>
  </trn:date-entered>
  <trn:description>Gas Co.</trn:description>
  <trn:splits>
    <trn:split>
      <split:id type="guid">a6468cb57d10b1a59e21e2c3b6d911bb</split:id>
      <split:reconciled-state>n</split:reconciled-state>
      <split:value>7804/100</split:value>
      <split:quantity>7804/100</split:quantity>
      <split:account type="guid">51feb1a2384a8b12a1738d5561c9ea7a</split:account>
    </trn:split>
    <trn:split>
      <split:id type="guid">2d8df6b69f568015a2754d7e76b6be27</split:id>
      <split:reconciled-state>n</split:reconciled-state>
      <split:value>-7804/100</split:value>
      <split:quantity>-7804/100</split:quantity>
      <split:account type="guid">ab52d1a8fbd5883a788d51bd29c77e84</split:account>
    </trn:split>
  </trn:splits>
</gnc:transaction>
<gnc:transaction version="2.0.0">
  <trn:id type="guid">b2efc388db5d717d1b8e16a71b0d0885</trn:id>
  <trn:date-posted>
    <ts:date>1996-01-01 00:00:00 -0500</ts:date>
  </trn:date-posted>
  <trn:date-entered>
    <ts:date>2001-03-26 15:43:51 -0500</ts:date>
    <ts:ns>590867000</ts:ns>
  </trn:date-entered>
  <trn:description>Boss1</trn:description>
  <trn:splits>
    <trn:split>
      <split:id type="guid">5247fdb13f75f322248d417687a47382</split:id>
      <split:reconciled-state>n</split:reconciled-state>
      <split:value>-105865/100</split:value>
      <split:quantity>-105865/100</split:quantity>
      <split:account type="guid">4da6e3f697287c126a6827efd63a0b43</split:account>
    </trn:split>
    <trn:split>
      <split:id type="guid">28cb5517d262144cbbba93f60e5f81c6</split:id>
      <split:reconciled-state>n</split:reconciled-state>
      <split:value>105865/100</split:value>
      <split:quantity>105865/100</split:quantity>
      <split:account type="guid">ab52d1a8fbd5883a788d51bd29c77e84</split:account>
    </trn:split>
  </trn:splits>
</gnc:transaction>
<gnc:transaction version="2.0.0">
  <trn:id type="guid">2ab373c3a045ae77a512db19c0a7b8f9</trn:id>
  <trn:num>116</trn:num>
  <trn:date-posted>
    <ts:date>1996-01-01 00:00:00 -0500</ts:date>
  </trn:date-posted>
  <trn:date-entered>
    <ts:date>2001-03-26 15:43:51 -0500</ts:date>
    <ts:ns>592447000</ts:ns>
  </trn:date-entered>
  <trn:description>Landlord</trn:description>
  <trn:splits>
    <trn:split>
      <split:id type="guid">7ccf4302c96ca0335797daefd11473e0</split:id>
      <split:reconciled-state>n</split:reconciled-state>
      <split:value>52500/100</split:value>
      <split:quantity>52500/100</split:quantity>
      <split:account type="guid">329b2c5196efdaf54e1321e05b9f0875</split:account>
    </trn:split>
    <trn:split>
      <split:id type="guid">e1ed8d92ddf4f05899ee01c3f5d86259</split:id>
      <split:reconciled-state>n</split:reconciled-state>
      <split:value>-52500/100</split:value>
      <split:quantity>-52500/100</split:quantity>
      <split:account type="guid">ab52d1a8fbd5883a788d51bd29c77e84</split:account>
    </trn:split>
  </trn:splits>
</gnc:transaction>
<gnc:transaction version="2.0.0">
  <trn:id type="guid">7f4a113bbed1dce6cf81093b767ee96b</trn:id>
  <trn:date-posted>
    <ts:date>1996-01-05 00:00:00 -0500</ts:date>
  </trn:date-posted>
  <trn:date-entered>
    <ts:date>2001-03-26 15:43:51 -0500</ts:date>
    <ts:ns>605634000</ts:ns>
  </trn:date-entered>
  <trn:description>Cash</trn:description>
  <trn:splits>
    <trn:split>
      <split:id type="guid">05c78a8ca732b1094c9183e8ba0d10a6</split:id>
      <split:reconciled-state>n</split:reconciled-state>
      <split:value>10000/100</split:value>
      <split:quantity>10000/100</split:quantity>
      <split:account type="guid">9defb6c42135fa2f4036762c8926c8ca</split:account>
    </trn:split>
    <trn:split>
      <split:id type="guid">3e6c21678984d47fa74aca76f8fdfd84</split:id>
      <split:reconciled-state>n</split:reconciled-state>
      <split:value>-10000/100</split:value>
      <split:quantity>-10000/100</split:quantity>
      <split:account type="guid">ab52d1a8fbd5883a788d51bd29c77e84</split:account>
    </trn:split>
  </trn:splits>
</gnc:transaction>
<gnc:transaction version="2.0.0">
  <trn:id type="guid">3056e7713976f6fe884f5d9e5e8f5d9e</trn:id>
  <trn:date-posted>
    <ts:date>1996-01-06 00:00:00 -0500</ts:date>
  </trn:date-posted>
  <trn:date-entered>
    <ts:date>2001-03-26 15:43:51 -0500</ts:date>
    <ts:ns>607373000</ts:ns>
  </trn:date-entered>
  <trn:description>Boss1</trn:description>
  <trn:splits>
    <trn:split>
      <split:id type="guid">6868fd553b621906ab8cc5f397245572</split:id>
      <split:reconciled-state>n</split:reconciled-state>
      <split:value>-60000/100</split:value>
      <split:quantity>-60000/100</split:quantity>
      <split:account type="guid">4da6e3f697287c126a6827efd63a0b43</split:account>
    </trn:split>
    <trn:split>
      <split:id type="guid">fd3fa34b6eecc6de89efc38e0a4495bb</split:id>
      <split:reconciled-state>n</split:reconciled-state>
      <split:value>60000/100</split:value>
      <split:quantity>60000/100</split:quantity>
      <split:account type="guid">ab52d1a8fbd5883a788d51bd29c77e84</split:account>
    </trn:split>
  </trn:splits>
</gnc:transaction>
<gnc:transaction version="2.0.0">
  <trn:id type="guid">bfffa71d4e39ad348dc9f1c3ecad3d37</trn:id>
  <trn:date-posted>
    <ts:date>1996-01-10 00:00:00 -0500</ts:date>
  </trn:date-posted>
  <trn:date-entered>
    <ts:date>2001-03-26 15:43:51 -0500</ts:date>
    <ts:ns>608948000</ts:ns>
  </trn:date-entered>
  <trn:description>School</trn:description>
  <trn:splits>
    <trn:split>
      <split:id type="guid">ab53a179e4761a3da85b0ebcaaf0fb0f</split:id>
      <split:reconciled-state>n</split:reconciled-state>
      <split:value>-126961/100</split:value>
      <split:quantity>-126961/100</split:quantity>
      <split:account type="guid">4da6e3f697287c126a6827efd63a0b43</split:account>
    </trn:split>
    <trn:split>
      <split:id type="guid">e778314a94c5d337c5590171d40084fd</split:id>
      <split:reconciled-state>n</split:reconciled-state>
      <split:value>126961/100</split:value>
      <split:quantity>126961/100</split:quantity>
      <split:account type="guid">ab52d1a8fbd5883a788d51bd29c77e84</split:account>
    </trn:split>
  </trn:splits>
</gnc:transaction>
<gnc:transaction version="2.0.0">
  <trn:id type="guid">75d80bf1e40a45c99fcfb292808b394c</trn:id>
  <trn:num>117</trn:num>
  <trn:date-posted>
    <ts:date>1996-01-13 00:00:00 -0500</ts:date>
  </trn:date-posted>
  <trn:date-entered>
    <ts:date>2001-03-26 15:43:51 -0500</ts:date>
    <ts:ns>610540000</ts:ns>
  </trn:date-entered>
  <trn:description>MCL</trn:description>
  <trn:splits>
    <trn:split>
      <split:id type="guid">7ac9ccd3e020ae6d131cc216f392b5f9</split:id>
      <split:reconciled-state>n</split:reconciled-state>
      <split:value>820/100</split:value>
      <split:quantity>820/100</split:quantity>
      <split:account type="guid">9963d86a4c411a32c1991a9b91f634fd</split:account>
    </trn:split>
    <trn:split>
      <split:id type="guid">06abd9fda7bcf819373824364e11c178</split:id>
      <split:reconciled-state>n</split:reconciled-state>
      <split:value>-820/100</split:value>
      <split:quantity>-820/100</split:quantity>
      <split:account type="guid">ab52d1a8fbd5883a788d51bd29c77e84</split:account>
    </trn:split>
  </trn:splits>
</gnc:transaction>
<gnc:transaction version="2.0.0">
  <trn:id type="guid">d4bf7454a1b95390d602c341c8512628</trn:id>
  <trn:date-posted>
    <ts:date>1996-01-23 00:00:00 -0500</ts:date>
  </trn:date-posted>
  <trn:date-entered>
    <ts:date>2001-03-26 15:43:51 -0500</ts:date>
    <ts:ns>612161000</ts:ns>
  </trn:date-entered>
  <trn:description>Cash</trn:description>
  <trn:splits>
    <trn:split>
      <split:id type="guid">492925603c3d92cdb2f07634b54b6559</split:id>
      <split:memo>From other checking account</split:memo>
      <split:reconciled-state>n</split:reconciled-state>
      <split:value>-50000/100</split:value>
      <split:quantity>-50000/100</split:quantity>
      <split:account type="guid">9defb6c42135fa2f4036762c8926c8ca</split:account>
    </trn:split>
    <trn:split>
      <split:id type="guid">b30c7965d706ef8f23449148eb8b48e4</split:id>
      <split:memo>From other checking account</split:memo>
      <split:reconciled-state>n</split:reconciled-state>
      <split:value>50000/100</split:value>
      <split:quantity>50000/100</split:quantity>
      <split:account type="guid">ab52d1a8fbd5883a788d51bd29c77e84</split:account>
    </trn:split>
  </trn:splits>
</gnc:transaction>
<gnc:transaction version="2.0.0">
  <trn:id type="guid">60811ab05afd68fc802a5aabb7592c9b</trn:id>
  <trn:date-posted>
    <ts:date>1996-01-23 00:00:00 -0500</ts:date>
  </trn:date-posted>
  <trn:date-entered>
    <ts:date>2001-03-26 15:43:51 -0500</ts:date>
    <ts:ns>613763000</ts:ns>
  </trn:date-entered>
  <trn:description>Cash</trn:description>
  <trn:splits>
    <trn:split>
      <split:id type="guid">65f0b22915539e3be24ace80f8f7d64c</split:id>
      <split:reconciled-state>n</split:reconciled-state>
      <split:value>6000/100</split:value>
      <split:quantity>6000/100</split:quantity>
      <split:account type="guid">9defb6c42135fa2f4036762c8926c8ca</split:account>
    </trn:split>
    <trn:split>
      <split:id type="guid">ac35d24d9c477d0e2d8d16b64415dc13</split:id>
      <split:reconciled-state>n</split:reconciled-state>
      <split:value>-6000/100</split:value>
      <split:quantity>-6000/100</split:quantity>
      <split:account type="guid">ab52d1a8fbd5883a788d51bd29c77e84</split:account>
    </trn:split>
  </trn:splits>
</gnc:transaction>
<gnc:transaction version="2.0.0">
  <trn:id type="guid">54c96dd1ecffd6aefdd9abd7d01f30c1</trn:id>
  <trn:num>118</trn:num>
  <trn:date-posted>
    <ts:date>1996-01-23 00:00:00 -0500</ts:date>
  </trn:date-posted>
  <trn:date-entered>
    <ts:date>2001-03-26 15:43:51 -0500</ts:date>
    <ts:ns>672151000</ts:ns>
  </trn:date-entered>
  <trn:description>C Master Card</trn:description>
  <trn:splits>
    <trn:split>
      <split:id type="guid">ccb6dd4150f646532018d8dee5f74409</split:id>
      <split:reconciled-state>n</split:reconciled-state>
      <split:value>4456/100</split:value>
      <split:quantity>4456/100</split:quantity>
      <split:account type="guid">5fc1c6a2a79889318f644120ac82c8ee</split:account>
    </trn:split>
    <trn:split>
      <split:id type="guid">02408a8449606c933076b268c7f5255d</split:id>
      <split:reconciled-state>n</split:reconciled-state>
      <split:value>-4456/100</split:value>
      <split:quantity>-4456/100</split:quantity>
      <split:account type="guid">ab52d1a8fbd5883a788d51bd29c77e84</split:account>
    </trn:split>
  </trn:splits>
</gnc:transaction>
<gnc:transaction version="2.0.0">
  <trn:id type="guid">8d64b6b645c7740d9e9ecf7271891113</trn:id>
  <trn:num>119</trn:num>
  <trn:date-posted>
    <ts:date>1996-01-23 00:00:00 -0500</ts:date>
  </trn:date-posted>
  <trn:date-entered>
    <ts:date>2001-03-26 15:43:51 -0500</ts:date>
    <ts:ns>676861000</ts:ns>
  </trn:date-entered>
  <trn:description>DC</trn:description>
  <trn:splits>
    <trn:split>
      <split:id type="guid">fdd639f370f1851f8bcd04c00449da05</split:id>
      <split:reconciled-state>n</split:reconciled-state>
      <split:value>3136/100</split:value>
      <split:quantity>3136/100</split:quantity>
      <split:account type="guid">5fc1c6a2a79889318f644120ac82c8ee</split:account>
    </trn:split>
    <trn:split>
      <split:id type="guid">cf55b893eadd13fec8d00476b812fd26</split:id>
      <split:reconciled-state>n</split:reconciled-state>
      <split:value>-3136/100</split:value>
      <split:quantity>-3136/100</split:quantity>
      <split:account type="guid">ab52d1a8fbd5883a788d51bd29c77e84</split:account>
    </trn:split>
  </trn:splits>
</gnc:transaction>
<gnc:transaction version="2.0.0">
  <trn:id type="guid">db594347f6ff07453eb56b632260a487</trn:id>
  <trn:num>120</trn:num>
  <trn:date-posted>
    <ts:date>1996-01-23 00:00:00 -0500</ts:date>
  </trn:date-posted>
  <trn:date-entered>
    <ts:date>2001-03-26 15:43:51 -0500</ts:date>
    <ts:ns>679339000</ts:ns>
  </trn:date-entered>
  <trn:description>Pacific Bell</trn:description>
  <trn:splits>
    <trn:split>
      <split:id type="guid">f17a2a776a1e9fb561aeed40a89e5063</split:id>
      <split:reconciled-state>n</split:reconciled-state>
      <split:value>9531/100</split:value>
      <split:quantity>9531/100</split:quantity>
      <split:account type="guid">8d9a8e4928257f0b0aaee042057d8012</split:account>
    </trn:split>
    <trn:split>
      <split:id type="guid">b5065984e976359a4cb9765fdf803524</split:id>
      <split:reconciled-state>n</split:reconciled-state>
      <split:value>-9531/100</split:value>
      <split:quantity>-9531/100</split:quantity>
      <split:account type="guid">ab52d1a8fbd5883a788d51bd29c77e84</split:account>
    </trn:split>
  </trn:splits>
</gnc:transaction>
<gnc:transaction version="2.0.0">
  <trn:id type="guid">6b998a4355c2933178ebe4e794f98f2c</trn:id>
  <trn:num>121</trn:num>
  <trn:date-posted>
    <ts:date>1996-01-23 00:00:00 -0500</ts:date>
  </trn:date-posted>
  <trn:date-entered>
    <ts:date>2001-03-26 15:43:51 -0500</ts:date>
    <ts:ns>681885000</ts:ns>
  </trn:date-entered>
  <trn:description>W Bank</trn:description>
  <trn:splits>
    <trn:split>
      <split:id type="guid">6e52872aa1cd2164f29f1473e4f2a90d</split:id>
      <split:reconciled-state>n</split:reconciled-state>
      <split:value>116284/100</split:value>
      <split:quantity>116284/100</split:quantity>
      <split:account type="guid">5fc1c6a2a79889318f644120ac82c8ee</split:account>
    </trn:split>
    <trn:split>
      <split:id type="guid">d34989dc920e958ae769e25d8c4b3afa</split:id>
      <split:reconciled-state>n</split:reconciled-state>
      <split:value>-116284/100</split:value>
      <split:quantity>-116284/100</split:quantity>
      <split:account type="guid">ab52d1a8fbd5883a788d51bd29c77e84</split:account>
    </trn:split>
  </trn:splits>
</gnc:transaction>
<gnc:transaction version="2.0.0">
  <trn:id type="guid">2aa51eaed9428ed5c5760044332404ad</trn:id>
  <trn:num>122</trn:num>
  <trn:date-posted>
    <ts:date>1996-01-26 00:00:00 -0500</ts:date>
  </trn:date-posted>
  <trn:date-entered>
    <ts:date>2001-03-26 15:43:51 -0500</ts:date>
    <ts:ns>685851000</ts:ns>
  </trn:date-entered>
  <trn:description>XM</trn:description>
  <trn:splits>
    <trn:split>
      <split:id type="guid">1df24366bff95c8fb827b66f83f15629</split:id>
      <split:reconciled-state>n</split:reconciled-state>
      <split:value>50000/100</split:value>
      <split:quantity>50000/100</split:quantity>
      <split:account type="guid">9defb6c42135fa2f4036762c8926c8ca</split:account>
    </trn:split>
    <trn:split>
      <split:id type="guid">49e8406d3a2c4c18bcbfc8576d258ac6</split:id>
      <split:reconciled-state>n</split:reconciled-state>
      <split:value>-50000/100</split:value>
      <split:quantity>-50000/100</split:quantity>
      <split:account type="guid">ab52d1a8fbd5883a788d51bd29c77e84</split:account>
    </trn:split>
  </trn:splits>
</gnc:transaction>
<gnc:transaction version="2.0.0">
  <trn:id type="guid">d9bdc634f2e839293ca0ec36497c5c96</trn:id>
  <trn:date-posted>
    <ts:date>1996-01-27 00:00:00 -0500</ts:date>
  </trn:date-posted>
  <trn:date-entered>
    <ts:date>2001-03-26 15:43:51 -0500</ts:date>
    <ts:ns>688510000</ts:ns>
  </trn:date-entered>
  <trn:description>Cash</trn:description>
  <trn:splits>
    <trn:split>
      <split:id type="guid">a0a7931d97e083b819fc793603ebd046</split:id>
      <split:reconciled-state>n</split:reconciled-state>
      <split:value>10000/100</split:value>
      <split:quantity>10000/100</split:quantity>
      <split:account type="guid">9defb6c42135fa2f4036762c8926c8ca</split:account>
    </trn:split>
    <trn:split>
      <split:id type="guid">2152b83a635f8d1049abd97cc4661d73</split:id>
      <split:reconciled-state>n</split:reconciled-state>
      <split:value>-10000/100</split:value>
      <split:quantity>-10000/100</split:quantity>
      <split:account type="guid">ab52d1a8fbd5883a788d51bd29c77e84</split:account>
    </trn:split>
  </trn:splits>
</gnc:transaction>
<gnc:transaction version="2.0.0">
  <trn:id type="guid">b9d764fbf1561d9f568b90499ff733e0</trn:id>
  <trn:num>123</trn:num>
  <trn:date-posted>
    <ts:date>1996-01-28 00:00:00 -0500</ts:date>
  </trn:date-posted>
  <trn:date-entered>
    <ts:date>2001-03-26 15:43:51 -0500</ts:date>
    <ts:ns>690988000</ts:ns>
  </trn:date-entered>
  <trn:description>Gas Co.</trn:description>
  <trn:splits>
    <trn:split>
      <split:id type="guid">d3a590c8d832a2528052ba68728d4409</split:id>
      <split:reconciled-state>n</split:reconciled-state>
      <split:value>5595/100</split:value>
      <split:quantity>5595/100</split:quantity>
      <split:account type="guid">51feb1a2384a8b12a1738d5561c9ea7a</split:account>
    </trn:split>
    <trn:split>
      <split:id type="guid">d25f730f03836ee98a0894247096916c</split:id>
      <split:reconciled-state>n</split:reconciled-state>
      <split:value>-5595/100</split:value>
      <split:quantity>-5595/100</split:quantity>
      <split:account type="guid">ab52d1a8fbd5883a788d51bd29c77e84</split:account>
    </trn:split>
  </trn:splits>
</gnc:transaction>
<gnc:transaction version="2.0.0">
  <trn:id type="guid">1daeda076e9bdb08a0f6225ab740386a</trn:id>
  <trn:date-posted>
    <ts:date>1996-01-30 00:00:00 -0500</ts:date>
  </trn:date-posted>
  <trn:date-entered>
    <ts:date>2001-03-26 15:43:51 -0500</ts:date>
    <ts:ns>693430000</ts:ns>
  </trn:date-entered>
  <trn:description>Cash</trn:description>
  <trn:splits>
    <trn:split>
      <split:id type="guid">dc9d7304132c73485cef6e604a46eade</split:id>
      <split:reconciled-state>n</split:reconciled-state>
      <split:value>10000/100</split:value>
      <split:quantity>10000/100</split:quantity>
      <split:account type="guid">9defb6c42135fa2f4036762c8926c8ca</split:account>
    </trn:split>
    <trn:split>
      <split:id type="guid">549844caa87a91e21f3570094da82545</split:id>
      <split:reconciled-state>n</split:reconciled-state>
      <split:value>-10000/100</split:value>
      <split:quantity>-10000/100</split:quantity>
      <split:account type="guid">ab52d1a8fbd5883a788d51bd29c77e84</split:account>
    </trn:split>
  </trn:splits>
</gnc:transaction>
<gnc:transaction version="2.0.0">
  <trn:id type="guid">9fa2f4939318542dc80f9c193f26f11d</trn:id>
  <trn:num>126</trn:num>
  <trn:date-posted>
    <ts:date>1996-02-01 00:00:00 -0500</ts:date>
  </trn:date-posted>
  <trn:date-entered>
    <ts:date>2001-03-26 15:43:51 -0500</ts:date>
    <ts:ns>706467000</ts:ns>
  </trn:date-entered>
  <trn:description>Landlord</trn:description>
  <trn:splits>
    <trn:split>
      <split:id type="guid">4dd1e6594a457a998546c1eca0075947</split:id>
      <split:reconciled-state>n</split:reconciled-state>
      <split:value>52500/100</split:value>
      <split:quantity>52500/100</split:quantity>
      <split:account type="guid">329b2c5196efdaf54e1321e05b9f0875</split:account>
    </trn:split>
    <trn:split>
      <split:id type="guid">397dac23518a951b1d8d0b9df56a5d8b</split:id>
      <split:reconciled-state>n</split:reconciled-state>
      <split:value>-52500/100</split:value>
      <split:quantity>-52500/100</split:quantity>
      <split:account type="guid">ab52d1a8fbd5883a788d51bd29c77e84</split:account>
    </trn:split>
  </trn:splits>
</gnc:transaction>
<gnc:transaction version="2.0.0">
  <trn:id type="guid">78702548cf71f48df96ca96b63d09c6b</trn:id>
  <trn:num>124</trn:num>
  <trn:date-posted>
    <ts:date>1996-02-03 00:00:00 -0500</ts:date>
  </trn:date-posted>
  <trn:date-entered>
    <ts:date>2001-03-26 15:43:51 -0500</ts:date>
    <ts:ns>708997000</ts:ns>
  </trn:date-entered>
  <trn:description>DBC</trn:description>
  <trn:splits>
    <trn:split>
      <split:id type="guid">1b327f0f69dc129138e64f9ffb76b6b0</split:id>
      <split:reconciled-state>n</split:reconciled-state>
      <split:value>2489/100</split:value>
      <split:quantity>2489/100</split:quantity>
      <split:account type="guid">b978ff4097c571ecbbd134bd50cb439f</split:account>
    </trn:split>
    <trn:split>
      <split:id type="guid">ce122195b8bec42be441235376f35343</split:id>
      <split:reconciled-state>n</split:reconciled-state>
      <split:value>-2489/100</split:value>
      <split:quantity>-2489/100</split:quantity>
      <split:account type="guid">ab52d1a8fbd5883a788d51bd29c77e84</split:account>
    </trn:split>
  </trn:splits>
</gnc:transaction>
<gnc:transaction version="2.0.0">
  <trn:id type="guid">5e8852f054682c04ddd2f3ce9591228f</trn:id>
  <trn:date-posted>
    <ts:date>1996-02-07 00:00:00 -0500</ts:date>
  </trn:date-posted>
  <trn:date-entered>
    <ts:date>2001-03-26 15:43:51 -0500</ts:date>
    <ts:ns>711596000</ts:ns>
  </trn:date-entered>
  <trn:description>Power Co.</trn:description>
  <trn:splits>
    <trn:split>
      <split:id type="guid">86cb41a71a331f3267b66d82cb6971c7</split:id>
      <split:reconciled-state>n</split:reconciled-state>
      <split:value>4653/100</split:value>
      <split:quantity>4653/100</split:quantity>
      <split:account type="guid">92b05cc5070282b02b05e60f161a5882</split:account>
    </trn:split>
    <trn:split>
      <split:id type="guid">b4ceebd97b0f59b69cd65ca8a40d3a7e</split:id>
      <split:reconciled-state>n</split:reconciled-state>
      <split:value>-4653/100</split:value>
      <split:quantity>-4653/100</split:quantity>
      <split:account type="guid">ab52d1a8fbd5883a788d51bd29c77e84</split:account>
    </trn:split>
  </trn:splits>
</gnc:transaction>
<gnc:transaction version="2.0.0">
  <trn:id type="guid">6b776d96ed513397184884ad217c2e4c</trn:id>
  <trn:num>125</trn:num>
  <trn:date-posted>
    <ts:date>1996-02-07 00:00:00 -0500</ts:date>
  </trn:date-posted>
  <trn:date-entered>
    <ts:date>2001-03-26 15:43:51 -0500</ts:date>
    <ts:ns>716622000</ts:ns>
  </trn:date-entered>
  <trn:description>LJ</trn:description>
  <trn:splits>
    <trn:split>
      <split:id type="guid">c7948a74ef81097fd55d1d33ea6d8cc4</split:id>
      <split:reconciled-state>n</split:reconciled-state>
      <split:value>50000/100</split:value>
      <split:quantity>50000/100</split:quantity>
      <split:account type="guid">9defb6c42135fa2f4036762c8926c8ca</split:account>
    </trn:split>
    <trn:split>
      <split:id type="guid">84dacdebdaa573ed0e13b602510b2bd3</split:id>
      <split:reconciled-state>n</split:reconciled-state>
      <split:value>-50000/100</split:value>
      <split:quantity>-50000/100</split:quantity>
      <split:account type="guid">ab52d1a8fbd5883a788d51bd29c77e84</split:account>
    </trn:split>
  </trn:splits>
</gnc:transaction>
<gnc:transaction version="2.0.0">
  <trn:id type="guid">57785edfda3409a5c00ade8d2afab7b9</trn:id>
  <trn:num>127</trn:num>
  <trn:date-posted>
    <ts:date>1996-02-07 00:00:00 -0500</ts:date>
  </trn:date-posted>
  <trn:date-entered>
    <ts:date>2001-03-26 15:43:51 -0500</ts:date>
    <ts:ns>719201000</ts:ns>
  </trn:date-entered>
  <trn:description>M&amp;W Trading Co.</trn:description>
  <trn:splits>
    <trn:split>
      <split:id type="guid">ae2b2af2930619c63ceff5bbe6dc2b22</split:id>
      <split:reconciled-state>n</split:reconciled-state>
      <split:value>1260/100</split:value>
      <split:quantity>1260/100</split:quantity>
      <split:account type="guid">9defb6c42135fa2f4036762c8926c8ca</split:account>
    </trn:split>
    <trn:split>
      <split:id type="guid">a26e83ac119b14054125ca63f2b9dc0f</split:id>
      <split:reconciled-state>n</split:reconciled-state>
      <split:value>-1260/100</split:value>
      <split:quantity>-1260/100</split:quantity>
      <split:account type="guid">ab52d1a8fbd5883a788d51bd29c77e84</split:account>
    </trn:split>
  </trn:splits>
</gnc:transaction>
<gnc:transaction version="2.0.0">
  <trn:id type="guid">bf439735c7c5fbace46adccaa7bb1556</trn:id>
  <trn:num>128</trn:num>
  <trn:date-posted>
    <ts:date>1996-02-07 00:00:00 -0500</ts:date>
  </trn:date-posted>
  <trn:date-entered>
    <ts:date>2001-03-26 15:43:51 -0500</ts:date>
    <ts:ns>721697000</ts:ns>
  </trn:date-entered>
  <trn:description>Pacific Bell</trn:description>
  <trn:splits>
    <trn:split>
      <split:id type="guid">6c37d787c5fec032850f7b76e660d024</split:id>
      <split:reconciled-state>n</split:reconciled-state>
      <split:value>5061/100</split:value>
      <split:quantity>5061/100</split:quantity>
      <split:account type="guid">8d9a8e4928257f0b0aaee042057d8012</split:account>
    </trn:split>
    <trn:split>
      <split:id type="guid">e258cc87d11c4ede4c24215fbd483553</split:id>
      <split:reconciled-state>n</split:reconciled-state>
      <split:value>-5061/100</split:value>
      <split:quantity>-5061/100</split:quantity>
      <split:account type="guid">ab52d1a8fbd5883a788d51bd29c77e84</split:account>
    </trn:split>
  </trn:splits>
</gnc:transaction>
<gnc:transaction version="2.0.0">
  <trn:id type="guid">dde0ca3bac54a0199431885482728853</trn:id>
  <trn:num>129</trn:num>
  <trn:date-posted>
    <ts:date>1996-02-07 00:00:00 -0500</ts:date>
  </trn:date-posted>
  <trn:date-entered>
    <ts:date>2001-03-26 15:43:51 -0500</ts:date>
    <ts:ns>724509000</ts:ns>
  </trn:date-entered>
  <trn:description>AG</trn:description>
  <trn:splits>
    <trn:split>
      <split:id type="guid">21397778edff585c46eb55c3105a7048</split:id>
      <split:reconciled-state>n</split:reconciled-state>
      <split:value>700/100</split:value>
      <split:quantity>700/100</split:quantity>
      <split:account type="guid">9defb6c42135fa2f4036762c8926c8ca</split:account>
    </trn:split>
    <trn:split>
      <split:id type="guid">01e726710062d231d368a2262c24d98c</split:id>
      <split:reconciled-state>n</split:reconciled-state>
      <split:value>-700/100</split:value>
      <split:quantity>-700/100</split:quantity>
      <split:account type="guid">ab52d1a8fbd5883a788d51bd29c77e84</split:account>
    </trn:split>
  </trn:splits>
</gnc:transaction>
<gnc:transaction version="2.0.0">
  <trn:id type="guid">2a602d23a4a088a1726b9d41e3dadf8a</trn:id>
  <trn:date-posted>
    <ts:date>1996-02-09 00:00:00 -0500</ts:date>
  </trn:date-posted>
  <trn:date-entered>
    <ts:date>2001-03-26 15:43:51 -0500</ts:date>
    <ts:ns>727025000</ts:ns>
  </trn:date-entered>
  <trn:description>School</trn:description>
  <trn:splits>
    <trn:split>
      <split:id type="guid">6c3a843cf0f33be8a8b7c83e42a64539</split:id>
      <split:reconciled-state>n</split:reconciled-state>
      <split:value>-126961/100</split:value>
      <split:quantity>-126961/100</split:quantity>
      <split:account type="guid">4da6e3f697287c126a6827efd63a0b43</split:account>
    </trn:split>
    <trn:split>
      <split:id type="guid">37abf8fadca616a7b917fc434638850f</split:id>
      <split:reconciled-state>n</split:reconciled-state>
      <split:value>126961/100</split:value>
      <split:quantity>126961/100</split:quantity>
      <split:account type="guid">ab52d1a8fbd5883a788d51bd29c77e84</split:account>
    </trn:split>
  </trn:splits>
</gnc:transaction>
<gnc:transaction version="2.0.0">
  <trn:id type="guid">b49cba5b11efbbf288cce03f3905626d</trn:id>
  <trn:date-posted>
    <ts:date>1996-02-09 00:00:00 -0500</ts:date>
  </trn:date-posted>
  <trn:date-entered>
    <ts:date>2001-03-26 15:43:51 -0500</ts:date>
    <ts:ns>729511000</ts:ns>
  </trn:date-entered>
  <trn:description>Cash</trn:description>
  <trn:splits>
    <trn:split>
      <split:id type="guid">c407d918f1d2991747608e4b72c5e504</split:id>
      <split:reconciled-state>n</split:reconciled-state>
      <split:value>20000/100</split:value>
      <split:quantity>20000/100</split:quantity>
      <split:account type="guid">9defb6c42135fa2f4036762c8926c8ca</split:account>
    </trn:split>
    <trn:split>
      <split:id type="guid">8de680a54346802842f0a87893a8c6d1</split:id>
      <split:reconciled-state>n</split:reconciled-state>
      <split:value>-20000/100</split:value>
      <split:quantity>-20000/100</split:quantity>
      <split:account type="guid">ab52d1a8fbd5883a788d51bd29c77e84</split:account>
    </trn:split>
  </trn:splits>
</gnc:transaction>
<gnc:transaction version="2.0.0">
  <trn:id type="guid">ed218e5cc6fc8d470d77099ded6e1975</trn:id>
  <trn:num>130</trn:num>
  <trn:date-posted>
    <ts:date>1996-02-10 00:00:00 -0500</ts:date>
  </trn:date-posted>
  <trn:date-entered>
    <ts:date>2001-03-26 15:43:51 -0500</ts:date>
    <ts:ns>732145000</ts:ns>
  </trn:date-entered>
  <trn:description>B&apos;s Supermarket</trn:description>
  <trn:splits>
    <trn:split>
      <split:id type="guid">bb1e8e9e6d1be2e30ec2187bedf33fe9</split:id>
      <split:reconciled-state>n</split:reconciled-state>
      <split:value>240/100</split:value>
      <split:quantity>240/100</split:quantity>
      <split:account type="guid">073d73615847b401ef859cc852509ab7</split:account>
    </trn:split>
    <trn:split>
      <split:id type="guid">2070d66284abdcd2caa68064b2db992c</split:id>
      <split:reconciled-state>n</split:reconciled-state>
      <split:value>-240/100</split:value>
      <split:quantity>-240/100</split:quantity>
      <split:account type="guid">ab52d1a8fbd5883a788d51bd29c77e84</split:account>
    </trn:split>
  </trn:splits>
</gnc:transaction>
<gnc:transaction version="2.0.0">
  <trn:id type="guid">fe7841cdbed4903f3383add83e9d9c97</trn:id>
  <trn:num>131</trn:num>
  <trn:date-posted>
    <ts:date>1996-02-11 00:00:00 -0500</ts:date>
  </trn:date-posted>
  <trn:date-entered>
    <ts:date>2001-03-26 15:43:51 -0500</ts:date>
    <ts:ns>739185000</ts:ns>
  </trn:date-entered>
  <trn:description>C Master Card</trn:description>
  <trn:splits>
    <trn:split>
      <split:id type="guid">d27a0fe0778a2f4ecabdc6bc9b189d74</split:id>
      <split:reconciled-state>n</split:reconciled-state>
      <split:value>9870/100</split:value>
      <split:quantity>9870/100</split:quantity>
      <split:account type="guid">5fc1c6a2a79889318f644120ac82c8ee</split:account>
    </trn:split>
    <trn:split>
      <split:id type="guid">ca787367ffb37d3b9ddc193f27aa1d20</split:id>
      <split:reconciled-state>n</split:reconciled-state>
      <split:value>-9870/100</split:value>
      <split:quantity>-9870/100</split:quantity>
      <split:account type="guid">ab52d1a8fbd5883a788d51bd29c77e84</split:account>
    </trn:split>
  </trn:splits>
</gnc:transaction>
<gnc:transaction version="2.0.0">
  <trn:id type="guid">19a6c39b69502b286bbc4072a8d84705</trn:id>
  <trn:num>132</trn:num>
  <trn:date-posted>
    <ts:date>1996-02-11 00:00:00 -0500</ts:date>
  </trn:date-posted>
  <trn:date-entered>
    <ts:date>2001-03-26 15:43:51 -0500</ts:date>
    <ts:ns>741786000</ts:ns>
  </trn:date-entered>
  <trn:description>W Visa Gold</trn:description>
  <trn:splits>
    <trn:split>
      <split:id type="guid">e32ab4146ce6378f580091d93053ff29</split:id>
      <split:reconciled-state>n</split:reconciled-state>
      <split:value>36578/100</split:value>
      <split:quantity>36578/100</split:quantity>
      <split:account type="guid">9defb6c42135fa2f4036762c8926c8ca</split:account>
    </trn:split>
    <trn:split>
      <split:id type="guid">190391bd8eb9e3bbb416fc462aab7643</split:id>
      <split:reconciled-state>n</split:reconciled-state>
      <split:value>-36578/100</split:value>
      <split:quantity>-36578/100</split:quantity>
      <split:account type="guid">ab52d1a8fbd5883a788d51bd29c77e84</split:account>
    </trn:split>
  </trn:splits>
</gnc:transaction>
<gnc:transaction version="2.0.0">
  <trn:id type="guid">e6b4e63a082ab9ae9fa22814c7e184ba</trn:id>
  <trn:num>133</trn:num>
  <trn:date-posted>
    <ts:date>1996-02-14 00:00:00 -0500</ts:date>
  </trn:date-posted>
  <trn:date-entered>
    <ts:date>2001-03-26 15:43:51 -0500</ts:date>
    <ts:ns>751336000</ts:ns>
  </trn:date-entered>
  <trn:description>AUC</trn:description>
  <trn:splits>
    <trn:split>
      <split:id type="guid">d41f72605a62213595349c09b4ecc683</split:id>
      <split:reconciled-state>n</split:reconciled-state>
      <split:value>3688/100</split:value>
      <split:quantity>3688/100</split:quantity>
      <split:account type="guid">5fc1c6a2a79889318f644120ac82c8ee</split:account>
    </trn:split>
    <trn:split>
      <split:id type="guid">1df94974a71f9bed7f55031516a52c0b</split:id>
      <split:reconciled-state>n</split:reconciled-state>
      <split:value>-3688/100</split:value>
      <split:quantity>-3688/100</split:quantity>
      <split:account type="guid">ab52d1a8fbd5883a788d51bd29c77e84</split:account>
    </trn:split>
  </trn:splits>
</gnc:transaction>
<gnc:transaction version="2.0.0">
  <trn:id type="guid">1e0a2c8ea727a3d17f85f7cc2767d281</trn:id>
  <trn:date-posted>
    <ts:date>1996-02-19 00:00:00 -0500</ts:date>
  </trn:date-posted>
  <trn:date-entered>
    <ts:date>2001-03-26 15:43:51 -0500</ts:date>
    <ts:ns>753902000</ts:ns>
  </trn:date-entered>
  <trn:description>C Master Card</trn:description>
  <trn:splits>
    <trn:split>
      <split:id type="guid">aa364783b9e1149ed57d55aa17b529db</split:id>
      <split:reconciled-state>n</split:reconciled-state>
      <split:value>-10082/100</split:value>
      <split:quantity>-10082/100</split:quantity>
      <split:account type="guid">5fc1c6a2a79889318f644120ac82c8ee</split:account>
    </trn:split>
    <trn:split>
      <split:id type="guid">4af055bcc8b5569dae99b5247a7381f2</split:id>
      <split:reconciled-state>n</split:reconciled-state>
      <split:value>10082/100</split:value>
      <split:quantity>10082/100</split:quantity>
      <split:account type="guid">ab52d1a8fbd5883a788d51bd29c77e84</split:account>
    </trn:split>
  </trn:splits>
</gnc:transaction>
<gnc:transaction version="2.0.0">
  <trn:id type="guid">bdda9615c58122c178ff14d81334f906</trn:id>
  <trn:date-posted>
    <ts:date>1996-02-19 00:00:00 -0500</ts:date>
  </trn:date-posted>
  <trn:date-entered>
    <ts:date>2001-03-26 15:43:51 -0500</ts:date>
    <ts:ns>757483000</ts:ns>
  </trn:date-entered>
  <trn:description>Cash</trn:description>
  <trn:splits>
    <trn:split>
      <split:id type="guid">e79a6dd5960d2fb2f3cfc3170f3e6dc1</split:id>
      <split:reconciled-state>n</split:reconciled-state>
      <split:value>6000/100</split:value>
      <split:quantity>6000/100</split:quantity>
      <split:account type="guid">9defb6c42135fa2f4036762c8926c8ca</split:account>
    </trn:split>
    <trn:split>
      <split:id type="guid">b108bcc660d88b68ce2b1a09655c7a2b</split:id>
      <split:reconciled-state>n</split:reconciled-state>
      <split:value>-6000/100</split:value>
      <split:quantity>-6000/100</split:quantity>
      <split:account type="guid">ab52d1a8fbd5883a788d51bd29c77e84</split:account>
    </trn:split>
  </trn:splits>
</gnc:transaction>
<gnc:transaction version="2.0.0">
  <trn:id type="guid">eb2b9ed876e548a90eb136e827f7afe0</trn:id>
  <trn:num>134</trn:num>
  <trn:date-posted>
    <ts:date>1996-02-21 00:00:00 -0500</ts:date>
  </trn:date-posted>
  <trn:date-entered>
    <ts:date>2001-03-26 15:43:51 -0500</ts:date>
    <ts:ns>760209000</ts:ns>
  </trn:date-entered>
  <trn:description>HCA</trn:description>
  <trn:splits>
    <trn:split>
      <split:id type="guid">2cef78e55e46bb88f7cad8f6400d43d6</split:id>
      <split:reconciled-state>n</split:reconciled-state>
      <split:value>398/100</split:value>
      <split:quantity>398/100</split:quantity>
      <split:account type="guid">baaf4f690ee338fe4b0cf67dd6c2bf8a</split:account>
    </trn:split>
    <trn:split>
      <split:id type="guid">585325d313a9b4e7f3a4591580f546be</split:id>
      <split:reconciled-state>n</split:reconciled-state>
      <split:value>-398/100</split:value>
      <split:quantity>-398/100</split:quantity>
      <split:account type="guid">ab52d1a8fbd5883a788d51bd29c77e84</split:account>
    </trn:split>
  </trn:splits>
</gnc:transaction>
<gnc:transaction version="2.0.0">
  <trn:id type="guid">98f94bb488eaf523d5e590cf36e9f957</trn:id>
  <trn:date-posted>
    <ts:date>1996-02-27 00:00:00 -0500</ts:date>
  </trn:date-posted>
  <trn:date-entered>
    <ts:date>2001-03-26 15:43:51 -0500</ts:date>
    <ts:ns>762701000</ts:ns>
  </trn:date-entered>
  <trn:description>Power Co.</trn:description>
  <trn:splits>
    <trn:split>
      <split:id type="guid">ec9932d96902a2fabbcf0b350dbdf8c9</split:id>
      <split:reconciled-state>n</split:reconciled-state>
      <split:value>2314/100</split:value>
      <split:quantity>2314/100</split:quantity>
      <split:account type="guid">92b05cc5070282b02b05e60f161a5882</split:account>
    </trn:split>
    <trn:split>
      <split:id type="guid">578df5930c873a0319aa0962d9b5f56b</split:id>
      <split:reconciled-state>n</split:reconciled-state>
      <split:value>-2314/100</split:value>
      <split:quantity>-2314/100</split:quantity>
      <split:account type="guid">ab52d1a8fbd5883a788d51bd29c77e84</split:account>
    </trn:split>
  </trn:splits>
</gnc:transaction>
<gnc:transaction version="2.0.0">
  <trn:id type="guid">ef13af2b4e9060c9ff83074269e92107</trn:id>
  <trn:num>135</trn:num>
  <trn:date-posted>
    <ts:date>1996-03-02 00:00:00 -0500</ts:date>
  </trn:date-posted>
  <trn:date-entered>
    <ts:date>2001-03-26 15:43:51 -0500</ts:date>
    <ts:ns>766747000</ts:ns>
  </trn:date-entered>
  <trn:description>Landlord</trn:description>
  <trn:splits>
    <trn:split>
      <split:id type="guid">b3daa6c86e5a97939ee74b6df651ec1f</split:id>
      <split:reconciled-state>n</split:reconciled-state>
      <split:value>52500/100</split:value>
      <split:quantity>52500/100</split:quantity>
      <split:account type="guid">329b2c5196efdaf54e1321e05b9f0875</split:account>
    </trn:split>
    <trn:split>
      <split:id type="guid">304a8b49fdc225dc1562ee8e3b520fda</split:id>
      <split:reconciled-state>n</split:reconciled-state>
      <split:value>-52500/100</split:value>
      <split:quantity>-52500/100</split:quantity>
      <split:account type="guid">ab52d1a8fbd5883a788d51bd29c77e84</split:account>
    </trn:split>
  </trn:splits>
</gnc:transaction>
<gnc:transaction version="2.0.0">
  <trn:id type="guid">7f6185a9eb09755ce79cac760ee23d15</trn:id>
  <trn:date-posted>
    <ts:date>1996-03-09 00:00:00 -0500</ts:date>
  </trn:date-posted>
  <trn:date-entered>
    <ts:date>2001-03-26 15:43:51 -0500</ts:date>
    <ts:ns>769283000</ts:ns>
  </trn:date-entered>
  <trn:description>School</trn:description>
  <trn:splits>
    <trn:split>
      <split:id type="guid">7f64c12262e14cc91306e9cf4a0ce85b</split:id>
      <split:reconciled-state>n</split:reconciled-state>
      <split:value>-126961/100</split:value>
      <split:quantity>-126961/100</split:quantity>
      <split:account type="guid">4da6e3f697287c126a6827efd63a0b43</split:account>
    </trn:split>
    <trn:split>
      <split:id type="guid">0236bf1cf3f764ec4de91c9f9c14bf72</split:id>
      <split:reconciled-state>n</split:reconciled-state>
      <split:value>126961/100</split:value>
      <split:quantity>126961/100</split:quantity>
      <split:account type="guid">ab52d1a8fbd5883a788d51bd29c77e84</split:account>
    </trn:split>
  </trn:splits>
</gnc:transaction>
<gnc:transaction version="2.0.0">
  <trn:id type="guid">a2c873bf6860feee0d4a11310d493cfd</trn:id>
  <trn:num>136</trn:num>
  <trn:date-posted>
    <ts:date>1996-03-09 00:00:00 -0500</ts:date>
  </trn:date-posted>
  <trn:date-entered>
    <ts:date>2001-03-26 15:43:51 -0500</ts:date>
    <ts:ns>772624000</ts:ns>
  </trn:date-entered>
  <trn:description>Toy&apos;s R Us Visa Gold</trn:description>
  <trn:splits>
    <trn:split>
      <split:id type="guid">76b739526f0af702e15aab08b7031aae</split:id>
      <split:reconciled-state>n</split:reconciled-state>
      <split:value>23619/100</split:value>
      <split:quantity>23619/100</split:quantity>
      <split:account type="guid">5fc1c6a2a79889318f644120ac82c8ee</split:account>
    </trn:split>
    <trn:split>
      <split:id type="guid">3334c4dff65918f00eda9484584f25c8</split:id>
      <split:reconciled-state>n</split:reconciled-state>
      <split:value>-23619/100</split:value>
      <split:quantity>-23619/100</split:quantity>
      <split:account type="guid">ab52d1a8fbd5883a788d51bd29c77e84</split:account>
    </trn:split>
  </trn:splits>
</gnc:transaction>
<gnc:transaction version="2.0.0">
  <trn:id type="guid">b34f6c21cf40858daf1efcf625a1736d</trn:id>
  <trn:num>137</trn:num>
  <trn:date-posted>
    <ts:date>1996-03-09 00:00:00 -0500</ts:date>
  </trn:date-posted>
  <trn:date-entered>
    <ts:date>2001-03-26 15:43:51 -0500</ts:date>
    <ts:ns>778152000</ts:ns>
  </trn:date-entered>
  <trn:description>Gas Co.</trn:description>
  <trn:splits>
    <trn:split>
      <split:id type="guid">d036fa6b252de3c37cd0c5e78e434b08</split:id>
      <split:reconciled-state>n</split:reconciled-state>
      <split:value>1875/100</split:value>
      <split:quantity>1875/100</split:quantity>
      <split:account type="guid">51feb1a2384a8b12a1738d5561c9ea7a</split:account>
    </trn:split>
    <trn:split>
      <split:id type="guid">1be446d8f78a8cbeb05166d87ad29d79</split:id>
      <split:reconciled-state>n</split:reconciled-state>
      <split:value>-1875/100</split:value>
      <split:quantity>-1875/100</split:quantity>
      <split:account type="guid">ab52d1a8fbd5883a788d51bd29c77e84</split:account>
    </trn:split>
  </trn:splits>
</gnc:transaction>
<gnc:transaction version="2.0.0">
  <trn:id type="guid">d7360a4388b5b172f35cd52c74d4b86c</trn:id>
  <trn:num>138</trn:num>
  <trn:date-posted>
    <ts:date>1996-03-09 00:00:00 -0500</ts:date>
  </trn:date-posted>
  <trn:date-entered>
    <ts:date>2001-03-26 15:43:51 -0500</ts:date>
    <ts:ns>780710000</ts:ns>
  </trn:date-entered>
  <trn:description>DC</trn:description>
  <trn:splits>
    <trn:split>
      <split:id type="guid">47468f681f6e30780d3f7ff00890134c</split:id>
      <split:reconciled-state>n</split:reconciled-state>
      <split:value>5379/100</split:value>
      <split:quantity>5379/100</split:quantity>
      <split:account type="guid">5fc1c6a2a79889318f644120ac82c8ee</split:account>
    </trn:split>
    <trn:split>
      <split:id type="guid">90cb945a0bdcb2a314a3914e3507132d</split:id>
      <split:reconciled-state>n</split:reconciled-state>
      <split:value>-5379/100</split:value>
      <split:quantity>-5379/100</split:quantity>
      <split:account type="guid">ab52d1a8fbd5883a788d51bd29c77e84</split:account>
    </trn:split>
  </trn:splits>
</gnc:transaction>
<gnc:transaction version="2.0.0">
  <trn:id type="guid">bcaa3dbb06f0a64ada1c6f1e9e8ef7eb</trn:id>
  <trn:num>139</trn:num>
  <trn:date-posted>
    <ts:date>1996-03-09 00:00:00 -0500</ts:date>
  </trn:date-posted>
  <trn:date-entered>
    <ts:date>2001-03-26 15:43:51 -0500</ts:date>
    <ts:ns>783566000</ts:ns>
  </trn:date-entered>
  <trn:description>Pacific Bell</trn:description>
  <trn:splits>
    <trn:split>
      <split:id type="guid">e76878541bace7354bd3dc53c1210533</split:id>
      <split:reconciled-state>n</split:reconciled-state>
      <split:value>4951/100</split:value>
      <split:quantity>4951/100</split:quantity>
      <split:account type="guid">8d9a8e4928257f0b0aaee042057d8012</split:account>
    </trn:split>
    <trn:split>
      <split:id type="guid">fb0b00a49362f777a1fc31a018e7b6af</split:id>
      <split:reconciled-state>n</split:reconciled-state>
      <split:value>-4951/100</split:value>
      <split:quantity>-4951/100</split:quantity>
      <split:account type="guid">ab52d1a8fbd5883a788d51bd29c77e84</split:account>
    </trn:split>
  </trn:splits>
</gnc:transaction>
<gnc:transaction version="2.0.0">
  <trn:id type="guid">bfc6994411f0b8bfc89677ba6a566aec</trn:id>
  <trn:num>140</trn:num>
  <trn:date-posted>
    <ts:date>1996-03-09 00:00:00 -0500</ts:date>
  </trn:date-posted>
  <trn:date-entered>
    <ts:date>2001-03-26 15:43:51 -0500</ts:date>
    <ts:ns>786394000</ts:ns>
  </trn:date-entered>
  <trn:description>W Visa Gold</trn:description>
  <trn:splits>
    <trn:split>
      <split:id type="guid">1315024aa3e3694d409df78de02ecd2d</split:id>
      <split:reconciled-state>n</split:reconciled-state>
      <split:value>30023/100</split:value>
      <split:quantity>30023/100</split:quantity>
      <split:account type="guid">5fc1c6a2a79889318f644120ac82c8ee</split:account>
    </trn:split>
    <trn:split>
      <split:id type="guid">d9b75fdbdb9cdc9e3c289d772459b536</split:id>
      <split:reconciled-state>n</split:reconciled-state>
      <split:value>-30023/100</split:value>
      <split:quantity>-30023/100</split:quantity>
      <split:account type="guid">ab52d1a8fbd5883a788d51bd29c77e84</split:account>
    </trn:split>
  </trn:splits>
</gnc:transaction>
<gnc:transaction version="2.0.0">
  <trn:id type="guid">83f91ff38502afbf0fff000963ddf483</trn:id>
  <trn:num>141</trn:num>
  <trn:date-posted>
    <ts:date>1996-03-09 00:00:00 -0500</ts:date>
  </trn:date-posted>
  <trn:date-entered>
    <ts:date>2001-03-26 15:43:51 -0500</ts:date>
    <ts:ns>788979000</ts:ns>
  </trn:date-entered>
  <trn:description>C Master Card</trn:description>
  <trn:splits>
    <trn:split>
      <split:id type="guid">c7aac2cdfdb241e9ef621f86ede9a3a2</split:id>
      <split:reconciled-state>n</split:reconciled-state>
      <split:value>27896/100</split:value>
      <split:quantity>27896/100</split:quantity>
      <split:account type="guid">5fc1c6a2a79889318f644120ac82c8ee</split:account>
    </trn:split>
    <trn:split>
      <split:id type="guid">093b4285f3e03b5bcf79c3f31a88c8f9</split:id>
      <split:reconciled-state>n</split:reconciled-state>
      <split:value>-27896/100</split:value>
      <split:quantity>-27896/100</split:quantity>
      <split:account type="guid">ab52d1a8fbd5883a788d51bd29c77e84</split:account>
    </trn:split>
  </trn:splits>
</gnc:transaction>
<gnc:transaction version="2.0.0">
  <trn:id type="guid">6d9288c9fb8412a47f8cf5d0fc17ed42</trn:id>
  <trn:date-posted>
    <ts:date>1996-03-12 00:00:00 -0500</ts:date>
  </trn:date-posted>
  <trn:date-entered>
    <ts:date>2001-03-26 15:43:51 -0500</ts:date>
    <ts:ns>791570000</ts:ns>
  </trn:date-entered>
  <trn:description>C</trn:description>
  <trn:splits>
    <trn:split>
      <split:id type="guid">b11411b07c8d8348b0f7ba0b1d5d3681</split:id>
      <split:reconciled-state>n</split:reconciled-state>
      <split:value>-28545/100</split:value>
      <split:quantity>-28545/100</split:quantity>
      <split:account type="guid">9defb6c42135fa2f4036762c8926c8ca</split:account>
    </trn:split>
    <trn:split>
      <split:id type="guid">a61d9f5d05c10724be47961fcc95c5da</split:id>
      <split:reconciled-state>n</split:reconciled-state>
      <split:value>28545/100</split:value>
      <split:quantity>28545/100</split:quantity>
      <split:account type="guid">ab52d1a8fbd5883a788d51bd29c77e84</split:account>
    </trn:split>
  </trn:splits>
</gnc:transaction>
<gnc:transaction version="2.0.0">
  <trn:id type="guid">2aff96c3547da2f9d3a1b7dd04904976</trn:id>
  <trn:date-posted>
    <ts:date>1996-03-24 00:00:00 -0500</ts:date>
  </trn:date-posted>
  <trn:date-entered>
    <ts:date>2001-03-26 15:43:51 -0500</ts:date>
    <ts:ns>803249000</ts:ns>
  </trn:date-entered>
  <trn:description>Cash</trn:description>
  <trn:splits>
    <trn:split>
      <split:id type="guid">923b79b699acd4fd9ef665241aa2f1b0</split:id>
      <split:reconciled-state>n</split:reconciled-state>
      <split:value>10000/100</split:value>
      <split:quantity>10000/100</split:quantity>
      <split:account type="guid">9defb6c42135fa2f4036762c8926c8ca</split:account>
    </trn:split>
    <trn:split>
      <split:id type="guid">7a4419456383a6e3c915be3600f558ec</split:id>
      <split:reconciled-state>n</split:reconciled-state>
      <split:value>-10000/100</split:value>
      <split:quantity>-10000/100</split:quantity>
      <split:account type="guid">ab52d1a8fbd5883a788d51bd29c77e84</split:account>
    </trn:split>
  </trn:splits>
</gnc:transaction>
<gnc:transaction version="2.0.0">
  <trn:id type="guid">7117c608e41ec940f2f0c30c465bac4e</trn:id>
  <trn:num>142</trn:num>
  <trn:date-posted>
    <ts:date>1996-03-24 00:00:00 -0500</ts:date>
  </trn:date-posted>
  <trn:date-entered>
    <ts:date>2001-03-26 15:43:51 -0500</ts:date>
    <ts:ns>807419000</ts:ns>
  </trn:date-entered>
  <trn:description>B&apos;s Supermarket</trn:description>
  <trn:splits>
    <trn:split>
      <split:id type="guid">88ba254874ffb71137658942382db4ae</split:id>
      <split:reconciled-state>n</split:reconciled-state>
      <split:value>1010/100</split:value>
      <split:quantity>1010/100</split:quantity>
      <split:account type="guid">594ee4adb251ad1515794a77837ae15c</split:account>
    </trn:split>
    <trn:split>
      <split:id type="guid">c7d830fb108ab4709ea0a788f9799dbc</split:id>
      <split:reconciled-state>n</split:reconciled-state>
      <split:value>-1010/100</split:value>
      <split:quantity>-1010/100</split:quantity>
      <split:account type="guid">ab52d1a8fbd5883a788d51bd29c77e84</split:account>
    </trn:split>
  </trn:splits>
</gnc:transaction>
<gnc:transaction version="2.0.0">
  <trn:id type="guid">e860a6dfb8e2e670a5daae8c6384dcd5</trn:id>
  <trn:date-posted>
    <ts:date>1996-03-27 00:00:00 -0500</ts:date>
  </trn:date-posted>
  <trn:date-entered>
    <ts:date>2001-03-26 15:43:51 -0500</ts:date>
    <ts:ns>809992000</ts:ns>
  </trn:date-entered>
  <trn:description>BB</trn:description>
  <trn:splits>
    <trn:split>
      <split:id type="guid">33f85e5c07cd13d0f8d3c807667d9557</split:id>
      <split:reconciled-state>n</split:reconciled-state>
      <split:value>-15431/100</split:value>
      <split:quantity>-15431/100</split:quantity>
      <split:account type="guid">e9b94c2baee4d4f9489a856f4a8a06e0</split:account>
    </trn:split>
    <trn:split>
      <split:id type="guid">7b972087d1bf6cf3db8f873c2dd7f19b</split:id>
      <split:reconciled-state>n</split:reconciled-state>
      <split:value>15431/100</split:value>
      <split:quantity>15431/100</split:quantity>
      <split:account type="guid">ab52d1a8fbd5883a788d51bd29c77e84</split:account>
    </trn:split>
  </trn:splits>
</gnc:transaction>
<gnc:transaction version="2.0.0">
  <trn:id type="guid">4bda1ee838f7070e1a7d3275ef9ed04c</trn:id>
  <trn:num>143</trn:num>
  <trn:date-posted>
    <ts:date>1996-03-27 00:00:00 -0500</ts:date>
  </trn:date-posted>
  <trn:date-entered>
    <ts:date>2001-03-26 15:43:51 -0500</ts:date>
    <ts:ns>812589000</ts:ns>
  </trn:date-entered>
  <trn:description>NB</trn:description>
  <trn:splits>
    <trn:split>
      <split:id type="guid">66ad7a8d85e0f90e29031230cf70de42</split:id>
      <split:reconciled-state>n</split:reconciled-state>
      <split:value>2272/100</split:value>
      <split:quantity>2272/100</split:quantity>
      <split:account type="guid">5fc1c6a2a79889318f644120ac82c8ee</split:account>
    </trn:split>
    <trn:split>
      <split:id type="guid">21d73ed6de6c1df88b6560313e9b13ec</split:id>
      <split:reconciled-state>n</split:reconciled-state>
      <split:value>-2272/100</split:value>
      <split:quantity>-2272/100</split:quantity>
      <split:account type="guid">ab52d1a8fbd5883a788d51bd29c77e84</split:account>
    </trn:split>
  </trn:splits>
</gnc:transaction>
<gnc:transaction version="2.0.0">
  <trn:id type="guid">f2f278ff86ec09ca53aeb879ac872846</trn:id>
  <trn:num>144</trn:num>
  <trn:date-posted>
    <ts:date>1996-04-01 00:00:00 -0500</ts:date>
  </trn:date-posted>
  <trn:date-entered>
    <ts:date>2001-03-26 15:43:51 -0500</ts:date>
    <ts:ns>833270000</ts:ns>
  </trn:date-entered>
  <trn:description>Landlord</trn:description>
  <trn:splits>
    <trn:split>
      <split:id type="guid">32d91d513b05763a35de6626b64b6c16</split:id>
      <split:reconciled-state>n</split:reconciled-state>
      <split:value>52500/100</split:value>
      <split:quantity>52500/100</split:quantity>
      <split:account type="guid">329b2c5196efdaf54e1321e05b9f0875</split:account>
    </trn:split>
    <trn:split>
      <split:id type="guid">fcda4428c8c30d4f44b121161cd22b0c</split:id>
      <split:reconciled-state>n</split:reconciled-state>
      <split:value>-52500/100</split:value>
      <split:quantity>-52500/100</split:quantity>
      <split:account type="guid">ab52d1a8fbd5883a788d51bd29c77e84</split:account>
    </trn:split>
  </trn:splits>
</gnc:transaction>
<gnc:transaction version="2.0.0">
  <trn:id type="guid">b56d909b0b776081aa1de20d52a56aee</trn:id>
  <trn:date-posted>
    <ts:date>1996-04-08 00:00:00 -0400</ts:date>
  </trn:date-posted>
  <trn:date-entered>
    <ts:date>2001-03-26 15:43:51 -0500</ts:date>
    <ts:ns>837125000</ts:ns>
  </trn:date-entered>
  <trn:description>Power Co.</trn:description>
  <trn:splits>
    <trn:split>
      <split:id type="guid">c534110ce97bc51f53b8fde02c17af5d</split:id>
      <split:reconciled-state>n</split:reconciled-state>
      <split:value>1928/100</split:value>
      <split:quantity>1928/100</split:quantity>
      <split:account type="guid">92b05cc5070282b02b05e60f161a5882</split:account>
    </trn:split>
    <trn:split>
      <split:id type="guid">7f085f565301c91fa026ee7aa7373882</split:id>
      <split:reconciled-state>n</split:reconciled-state>
      <split:value>-1928/100</split:value>
      <split:quantity>-1928/100</split:quantity>
      <split:account type="guid">ab52d1a8fbd5883a788d51bd29c77e84</split:account>
    </trn:split>
  </trn:splits>
</gnc:transaction>
<gnc:transaction version="2.0.0">
  <trn:id type="guid">4a409cb8e8e9f96bb3d480072859859f</trn:id>
  <trn:date-posted>
    <ts:date>1996-04-10 00:00:00 -0400</ts:date>
  </trn:date-posted>
  <trn:date-entered>
    <ts:date>2001-03-26 15:43:51 -0500</ts:date>
    <ts:ns>839712000</ts:ns>
  </trn:date-entered>
  <trn:description>BB</trn:description>
  <trn:splits>
    <trn:split>
      <split:id type="guid">6ea713a372d27e141678cc6923acd3f6</split:id>
      <split:reconciled-state>n</split:reconciled-state>
      <split:value>-57787/100</split:value>
      <split:quantity>-57787/100</split:quantity>
      <split:account type="guid">e9b94c2baee4d4f9489a856f4a8a06e0</split:account>
    </trn:split>
    <trn:split>
      <split:id type="guid">c6f07b4dfebc14d074b64f21e4509cb9</split:id>
      <split:reconciled-state>n</split:reconciled-state>
      <split:value>57787/100</split:value>
      <split:quantity>57787/100</split:quantity>
      <split:account type="guid">ab52d1a8fbd5883a788d51bd29c77e84</split:account>
    </trn:split>
  </trn:splits>
</gnc:transaction>
<gnc:transaction version="2.0.0">
  <trn:id type="guid">a42700d3aea95224e01232174ff2f6b2</trn:id>
  <trn:date-posted>
    <ts:date>1996-04-10 00:00:00 -0400</ts:date>
  </trn:date-posted>
  <trn:date-entered>
    <ts:date>2001-03-26 15:43:51 -0500</ts:date>
    <ts:ns>842309000</ts:ns>
  </trn:date-entered>
  <trn:description>School</trn:description>
  <trn:splits>
    <trn:split>
      <split:id type="guid">29609c8f7262b2ec82b892c56747fc95</split:id>
      <split:reconciled-state>n</split:reconciled-state>
      <split:value>-126961/100</split:value>
      <split:quantity>-126961/100</split:quantity>
      <split:account type="guid">4da6e3f697287c126a6827efd63a0b43</split:account>
    </trn:split>
    <trn:split>
      <split:id type="guid">106bd290a0729783792d3704f6eae14d</split:id>
      <split:reconciled-state>n</split:reconciled-state>
      <split:value>126961/100</split:value>
      <split:quantity>126961/100</split:quantity>
      <split:account type="guid">ab52d1a8fbd5883a788d51bd29c77e84</split:account>
    </trn:split>
  </trn:splits>
</gnc:transaction>
<gnc:transaction version="2.0.0">
  <trn:id type="guid">6c9e9e7958c80622a126c15836b2d2bc</trn:id>
  <trn:num>145</trn:num>
  <trn:date-posted>
    <ts:date>1996-04-10 00:00:00 -0400</ts:date>
  </trn:date-posted>
  <trn:date-entered>
    <ts:date>2001-03-26 15:43:51 -0500</ts:date>
    <ts:ns>852045000</ts:ns>
  </trn:date-entered>
  <trn:description>Gas Co.</trn:description>
  <trn:splits>
    <trn:split>
      <split:id type="guid">d793b5234572d417c4dd9d2045eef843</split:id>
      <split:reconciled-state>n</split:reconciled-state>
      <split:value>2309/100</split:value>
      <split:quantity>2309/100</split:quantity>
      <split:account type="guid">51feb1a2384a8b12a1738d5561c9ea7a</split:account>
    </trn:split>
    <trn:split>
      <split:id type="guid">77a1683fbcf6d0ddbba3189de75e95f1</split:id>
      <split:reconciled-state>n</split:reconciled-state>
      <split:value>-2309/100</split:value>
      <split:quantity>-2309/100</split:quantity>
      <split:account type="guid">ab52d1a8fbd5883a788d51bd29c77e84</split:account>
    </trn:split>
  </trn:splits>
</gnc:transaction>
<gnc:transaction version="2.0.0">
  <trn:id type="guid">0c33ef952eac12b4106338d89c7ae729</trn:id>
  <trn:num>146</trn:num>
  <trn:date-posted>
    <ts:date>1996-04-10 00:00:00 -0400</ts:date>
  </trn:date-posted>
  <trn:date-entered>
    <ts:date>2001-03-26 15:43:51 -0500</ts:date>
    <ts:ns>858871000</ts:ns>
  </trn:date-entered>
  <trn:description>Pacific Bell</trn:description>
  <trn:splits>
    <trn:split>
      <split:id type="guid">db37f78a632f49284da3d7e2d57f1b0e</split:id>
      <split:reconciled-state>n</split:reconciled-state>
      <split:value>2274/100</split:value>
      <split:quantity>2274/100</split:quantity>
      <split:account type="guid">8d9a8e4928257f0b0aaee042057d8012</split:account>
    </trn:split>
    <trn:split>
      <split:id type="guid">e6e7d6c51d248213d4004b0d76c4e664</split:id>
      <split:reconciled-state>n</split:reconciled-state>
      <split:value>-2274/100</split:value>
      <split:quantity>-2274/100</split:quantity>
      <split:account type="guid">ab52d1a8fbd5883a788d51bd29c77e84</split:account>
    </trn:split>
  </trn:splits>
</gnc:transaction>
<gnc:transaction version="2.0.0">
  <trn:id type="guid">62fb43b96ef8645b25f55c6c85705d61</trn:id>
  <trn:num>147</trn:num>
  <trn:date-posted>
    <ts:date>1996-04-10 00:00:00 -0400</ts:date>
  </trn:date-posted>
  <trn:date-entered>
    <ts:date>2001-03-26 15:43:51 -0500</ts:date>
    <ts:ns>861689000</ts:ns>
  </trn:date-entered>
  <trn:description>C Master Card</trn:description>
  <trn:splits>
    <trn:split>
      <split:id type="guid">ca010be124fd392ccaaa9f5b1d28777f</split:id>
      <split:reconciled-state>n</split:reconciled-state>
      <split:value>35050/100</split:value>
      <split:quantity>35050/100</split:quantity>
      <split:account type="guid">5fc1c6a2a79889318f644120ac82c8ee</split:account>
    </trn:split>
    <trn:split>
      <split:id type="guid">a0066d3bcbc67befc0046c5f16cf0c06</split:id>
      <split:reconciled-state>n</split:reconciled-state>
      <split:value>-35050/100</split:value>
      <split:quantity>-35050/100</split:quantity>
      <split:account type="guid">ab52d1a8fbd5883a788d51bd29c77e84</split:account>
    </trn:split>
  </trn:splits>
</gnc:transaction>
<gnc:transaction version="2.0.0">
  <trn:id type="guid">6417235a5ee5027f81fdf925748fbbe0</trn:id>
  <trn:num>148</trn:num>
  <trn:date-posted>
    <ts:date>1996-04-10 00:00:00 -0400</ts:date>
  </trn:date-posted>
  <trn:date-entered>
    <ts:date>2001-03-26 15:43:51 -0500</ts:date>
    <ts:ns>865127000</ts:ns>
  </trn:date-entered>
  <trn:description>Toy&apos;s R Us Visa Gold</trn:description>
  <trn:splits>
    <trn:split>
      <split:id type="guid">004187e432a13486e9cfe870ab3a3f87</split:id>
      <split:reconciled-state>n</split:reconciled-state>
      <split:value>2202/100</split:value>
      <split:quantity>2202/100</split:quantity>
      <split:account type="guid">5fc1c6a2a79889318f644120ac82c8ee</split:account>
    </trn:split>
    <trn:split>
      <split:id type="guid">2f0534d386179fc36803f3e9d66237f6</split:id>
      <split:reconciled-state>n</split:reconciled-state>
      <split:value>-2202/100</split:value>
      <split:quantity>-2202/100</split:quantity>
      <split:account type="guid">ab52d1a8fbd5883a788d51bd29c77e84</split:account>
    </trn:split>
  </trn:splits>
</gnc:transaction>
<gnc:transaction version="2.0.0">
  <trn:id type="guid">cb86fdd6e3a719fd5de1e1de80df1141</trn:id>
  <trn:date-posted>
    <ts:date>1996-05-01 00:00:00 -0400</ts:date>
  </trn:date-posted>
  <trn:date-entered>
    <ts:date>2001-03-26 15:43:51 -0500</ts:date>
    <ts:ns>867802000</ts:ns>
  </trn:date-entered>
  <trn:description>Power Co.</trn:description>
  <trn:splits>
    <trn:split>
      <split:id type="guid">00d15203e00a76278c3aed0968980af2</split:id>
      <split:reconciled-state>n</split:reconciled-state>
      <split:value>1978/100</split:value>
      <split:quantity>1978/100</split:quantity>
      <split:account type="guid">92b05cc5070282b02b05e60f161a5882</split:account>
    </trn:split>
    <trn:split>
      <split:id type="guid">53c08091348eb6b879304a4da80af21c</split:id>
      <split:reconciled-state>n</split:reconciled-state>
      <split:value>-1978/100</split:value>
      <split:quantity>-1978/100</split:quantity>
      <split:account type="guid">ab52d1a8fbd5883a788d51bd29c77e84</split:account>
    </trn:split>
  </trn:splits>
</gnc:transaction>
<gnc:transaction version="2.0.0">
  <trn:id type="guid">7edcc3ab2e840fec5d43c4a5e5a6153a</trn:id>
  <trn:num>149</trn:num>
  <trn:date-posted>
    <ts:date>1996-05-01 00:00:00 -0400</ts:date>
  </trn:date-posted>
  <trn:date-entered>
    <ts:date>2001-03-26 15:43:51 -0500</ts:date>
    <ts:ns>870503000</ts:ns>
  </trn:date-entered>
  <trn:description>Landlord</trn:description>
  <trn:splits>
    <trn:split>
      <split:id type="guid">c529b65eeb2b47cef6e427eb52525907</split:id>
      <split:reconciled-state>n</split:reconciled-state>
      <split:value>52500/100</split:value>
      <split:quantity>52500/100</split:quantity>
      <split:account type="guid">329b2c5196efdaf54e1321e05b9f0875</split:account>
    </trn:split>
    <trn:split>
      <split:id type="guid">05aa13c120f2dff181f3888cc28c8a72</split:id>
      <split:reconciled-state>n</split:reconciled-state>
      <split:value>-52500/100</split:value>
      <split:quantity>-52500/100</split:quantity>
      <split:account type="guid">ab52d1a8fbd5883a788d51bd29c77e84</split:account>
    </trn:split>
  </trn:splits>
</gnc:transaction>
<gnc:transaction version="2.0.0">
  <trn:id type="guid">01694a4486d7288bd1fd108bd5f7402d</trn:id>
  <trn:num>150</trn:num>
  <trn:date-posted>
    <ts:date>1996-05-01 00:00:00 -0400</ts:date>
  </trn:date-posted>
  <trn:date-entered>
    <ts:date>2001-03-26 15:43:51 -0500</ts:date>
    <ts:ns>875485000</ts:ns>
  </trn:date-entered>
  <trn:description>BN</trn:description>
  <trn:splits>
    <trn:split>
      <split:id type="guid">fabddef084bdad2deeef1fb59be67afc</split:id>
      <split:reconciled-state>n</split:reconciled-state>
      <split:value>60849/100</split:value>
      <split:quantity>60849/100</split:quantity>
      <split:account type="guid">5fc1c6a2a79889318f644120ac82c8ee</split:account>
    </trn:split>
    <trn:split>
      <split:id type="guid">d8e28f186c207d5f0ccd045278207068</split:id>
      <split:reconciled-state>n</split:reconciled-state>
      <split:value>-60849/100</split:value>
      <split:quantity>-60849/100</split:quantity>
      <split:account type="guid">ab52d1a8fbd5883a788d51bd29c77e84</split:account>
    </trn:split>
  </trn:splits>
</gnc:transaction>
<gnc:transaction version="2.0.0">
  <trn:id type="guid">1fb645f141a78d755eb7ea64be25e50d</trn:id>
  <trn:num>151</trn:num>
  <trn:date-posted>
    <ts:date>1996-05-02 00:00:00 -0400</ts:date>
  </trn:date-posted>
  <trn:date-entered>
    <ts:date>2001-03-26 15:43:51 -0500</ts:date>
    <ts:ns>878330000</ts:ns>
  </trn:date-entered>
  <trn:description>LDPC Co.</trn:description>
  <trn:splits>
    <trn:split>
      <split:id type="guid">9e755346e77a9cc0239f0010d300daa4</split:id>
      <split:reconciled-state>n</split:reconciled-state>
      <split:value>4170/100</split:value>
      <split:quantity>4170/100</split:quantity>
      <split:account type="guid">8d9a8e4928257f0b0aaee042057d8012</split:account>
    </trn:split>
    <trn:split>
      <split:id type="guid">48c3521f7449d649a7966f8c972f8997</split:id>
      <split:reconciled-state>n</split:reconciled-state>
      <split:value>-4170/100</split:value>
      <split:quantity>-4170/100</split:quantity>
      <split:account type="guid">ab52d1a8fbd5883a788d51bd29c77e84</split:account>
    </trn:split>
  </trn:splits>
</gnc:transaction>
<gnc:transaction version="2.0.0">
  <trn:id type="guid">71788c4eddac3e4442d1ad4e777ccd86</trn:id>
  <trn:num>152</trn:num>
  <trn:date-posted>
    <ts:date>1996-05-09 00:00:00 -0400</ts:date>
  </trn:date-posted>
  <trn:date-entered>
    <ts:date>2001-03-26 15:43:51 -0500</ts:date>
    <ts:ns>881011000</ts:ns>
  </trn:date-entered>
  <trn:description>PC</trn:description>
  <trn:splits>
    <trn:split>
      <split:id type="guid">f785d9a95b1a939a59d89ac76135f4b9</split:id>
      <split:reconciled-state>n</split:reconciled-state>
      <split:value>2938/100</split:value>
      <split:quantity>2938/100</split:quantity>
      <split:account type="guid">9defb6c42135fa2f4036762c8926c8ca</split:account>
    </trn:split>
    <trn:split>
      <split:id type="guid">7aaf39ac5f9bef89522b2f478fbda6ce</split:id>
      <split:reconciled-state>n</split:reconciled-state>
      <split:value>-2938/100</split:value>
      <split:quantity>-2938/100</split:quantity>
      <split:account type="guid">ab52d1a8fbd5883a788d51bd29c77e84</split:account>
    </trn:split>
  </trn:splits>
</gnc:transaction>
<gnc:transaction version="2.0.0">
  <trn:id type="guid">ef93759a27d5b6af6247e6d9177338f7</trn:id>
  <trn:date-posted>
    <ts:date>1996-05-10 00:00:00 -0400</ts:date>
  </trn:date-posted>
  <trn:date-entered>
    <ts:date>2001-03-26 15:43:51 -0500</ts:date>
    <ts:ns>883666000</ts:ns>
  </trn:date-entered>
  <trn:description>School</trn:description>
  <trn:splits>
    <trn:split>
      <split:id type="guid">936168d4d9e522575a9bfe701bfb727e</split:id>
      <split:reconciled-state>n</split:reconciled-state>
      <split:value>-126961/100</split:value>
      <split:quantity>-126961/100</split:quantity>
      <split:account type="guid">4da6e3f697287c126a6827efd63a0b43</split:account>
    </trn:split>
    <trn:split>
      <split:id type="guid">a23c6fbaf8a3f7624ec90f30eeda2259</split:id>
      <split:reconciled-state>n</split:reconciled-state>
      <split:value>126961/100</split:value>
      <split:quantity>126961/100</split:quantity>
      <split:account type="guid">ab52d1a8fbd5883a788d51bd29c77e84</split:account>
    </trn:split>
  </trn:splits>
</gnc:transaction>
<gnc:transaction version="2.0.0">
  <trn:id type="guid">6fe1093d00f20d8dfc67661e1ca91e3f</trn:id>
  <trn:date-posted>
    <ts:date>1996-05-17 00:00:00 -0400</ts:date>
  </trn:date-posted>
  <trn:date-entered>
    <ts:date>2001-03-26 15:43:51 -0500</ts:date>
    <ts:ns>887889000</ts:ns>
  </trn:date-entered>
  <trn:description>Gas Co.</trn:description>
  <trn:splits>
    <trn:split>
      <split:id type="guid">9064122d45f5b2474e68b376cff85b38</split:id>
      <split:reconciled-state>n</split:reconciled-state>
      <split:value>-1700/100</split:value>
      <split:quantity>-1700/100</split:quantity>
      <split:account type="guid">60a59d2467d55241a1f13d5c0c43fa1b</split:account>
    </trn:split>
    <trn:split>
      <split:id type="guid">8fb78068233b66703dac90caa5c834ab</split:id>
      <split:reconciled-state>n</split:reconciled-state>
      <split:value>1700/100</split:value>
      <split:quantity>1700/100</split:quantity>
      <split:account type="guid">ab52d1a8fbd5883a788d51bd29c77e84</split:account>
    </trn:split>
  </trn:splits>
</gnc:transaction>
<gnc:transaction version="2.0.0">
  <trn:id type="guid">44afec66dd4285798fb5f4e307c9461a</trn:id>
  <trn:num>153</trn:num>
  <trn:date-posted>
    <ts:date>1996-05-19 00:00:00 -0400</ts:date>
  </trn:date-posted>
  <trn:date-entered>
    <ts:date>2001-03-26 15:43:51 -0500</ts:date>
    <ts:ns>890537000</ts:ns>
  </trn:date-entered>
  <trn:description>DW</trn:description>
  <trn:splits>
    <trn:split>
      <split:id type="guid">e5247fe9747d6098d79d43d7ae1cdfcd</split:id>
      <split:reconciled-state>n</split:reconciled-state>
      <split:value>26500/100</split:value>
      <split:quantity>26500/100</split:quantity>
      <split:account type="guid">74446cb1e9d9fb729f0d002aea325430</split:account>
    </trn:split>
    <trn:split>
      <split:id type="guid">f6cdda65e7ded8a3c26c2e990d185aed</split:id>
      <split:reconciled-state>n</split:reconciled-state>
      <split:value>-26500/100</split:value>
      <split:quantity>-26500/100</split:quantity>
      <split:account type="guid">ab52d1a8fbd5883a788d51bd29c77e84</split:account>
    </trn:split>
  </trn:splits>
</gnc:transaction>
<gnc:transaction version="2.0.0">
  <trn:id type="guid">880a44337b802d9d58524bffaadfeadd</trn:id>
  <trn:num>154</trn:num>
  <trn:date-posted>
    <ts:date>1996-05-19 00:00:00 -0400</ts:date>
  </trn:date-posted>
  <trn:date-entered>
    <ts:date>2001-03-26 15:43:51 -0500</ts:date>
    <ts:ns>893182000</ts:ns>
  </trn:date-entered>
  <trn:description>Pacific Bell</trn:description>
  <trn:splits>
    <trn:split>
      <split:id type="guid">757ae25a35465c5f922a8feb6b8faac0</split:id>
      <split:reconciled-state>n</split:reconciled-state>
      <split:value>5607/100</split:value>
      <split:quantity>5607/100</split:quantity>
      <split:account type="guid">8d9a8e4928257f0b0aaee042057d8012</split:account>
    </trn:split>
    <trn:split>
      <split:id type="guid">32bf0a3f2f8394220798f36e7513d20f</split:id>
      <split:reconciled-state>n</split:reconciled-state>
      <split:value>-5607/100</split:value>
      <split:quantity>-5607/100</split:quantity>
      <split:account type="guid">ab52d1a8fbd5883a788d51bd29c77e84</split:account>
    </trn:split>
  </trn:splits>
</gnc:transaction>
<gnc:transaction version="2.0.0">
  <trn:id type="guid">d07ff7d8db380979b383c4efdc1d14a0</trn:id>
  <trn:num>155</trn:num>
  <trn:date-posted>
    <ts:date>1996-05-19 00:00:00 -0400</ts:date>
  </trn:date-posted>
  <trn:date-entered>
    <ts:date>2001-03-26 15:43:51 -0500</ts:date>
    <ts:ns>905451000</ts:ns>
  </trn:date-entered>
  <trn:description>NB</trn:description>
  <trn:splits>
    <trn:split>
      <split:id type="guid">246be7ff1fc347929027e715de655b4b</split:id>
      <split:reconciled-state>n</split:reconciled-state>
      <split:value>77404/100</split:value>
      <split:quantity>77404/100</split:quantity>
      <split:account type="guid">5fc1c6a2a79889318f644120ac82c8ee</split:account>
    </trn:split>
    <trn:split>
      <split:id type="guid">08542b5d96a138857361bbd6d73452d7</split:id>
      <split:reconciled-state>n</split:reconciled-state>
      <split:value>-77404/100</split:value>
      <split:quantity>-77404/100</split:quantity>
      <split:account type="guid">ab52d1a8fbd5883a788d51bd29c77e84</split:account>
    </trn:split>
  </trn:splits>
</gnc:transaction>
<gnc:transaction version="2.0.0">
  <trn:id type="guid">791764c9b88f493bcb2ab2677721f1e6</trn:id>
  <trn:num>156</trn:num>
  <trn:date-posted>
    <ts:date>1996-05-20 00:00:00 -0400</ts:date>
  </trn:date-posted>
  <trn:date-entered>
    <ts:date>2001-03-26 15:43:51 -0500</ts:date>
    <ts:ns>908184000</ts:ns>
  </trn:date-entered>
  <trn:description>PC</trn:description>
  <trn:splits>
    <trn:split>
      <split:id type="guid">5929a1102e15c8457170ca417ffbc20c</split:id>
      <split:reconciled-state>n</split:reconciled-state>
      <split:value>1299/100</split:value>
      <split:quantity>1299/100</split:quantity>
      <split:account type="guid">9defb6c42135fa2f4036762c8926c8ca</split:account>
    </trn:split>
    <trn:split>
      <split:id type="guid">69415a5377ea272e5571f7403e14b0fe</split:id>
      <split:reconciled-state>n</split:reconciled-state>
      <split:value>-1299/100</split:value>
      <split:quantity>-1299/100</split:quantity>
      <split:account type="guid">ab52d1a8fbd5883a788d51bd29c77e84</split:account>
    </trn:split>
  </trn:splits>
</gnc:transaction>
<gnc:transaction version="2.0.0">
  <trn:id type="guid">5361e7a38a600143d2efa7381d90e886</trn:id>
  <trn:date-posted>
    <ts:date>1996-05-28 00:00:00 -0400</ts:date>
  </trn:date-posted>
  <trn:date-entered>
    <ts:date>2001-03-26 15:43:51 -0500</ts:date>
    <ts:ns>910861000</ts:ns>
  </trn:date-entered>
  <trn:description>Boss1</trn:description>
  <trn:splits>
    <trn:split>
      <split:id type="guid">127a75e510df126d3a20c47a020152d1</split:id>
      <split:reconciled-state>n</split:reconciled-state>
      <split:value>-58280/100</split:value>
      <split:quantity>-58280/100</split:quantity>
      <split:account type="guid">60a59d2467d55241a1f13d5c0c43fa1b</split:account>
    </trn:split>
    <trn:split>
      <split:id type="guid">6db74d2a8dd3d3d2ecb3ae77a18e0139</split:id>
      <split:reconciled-state>n</split:reconciled-state>
      <split:value>58280/100</split:value>
      <split:quantity>58280/100</split:quantity>
      <split:account type="guid">ab52d1a8fbd5883a788d51bd29c77e84</split:account>
    </trn:split>
  </trn:splits>
</gnc:transaction>
<gnc:transaction version="2.0.0">
  <trn:id type="guid">5685bb01c49df0e26df521b56c0a923d</trn:id>
  <trn:num>157</trn:num>
  <trn:date-posted>
    <ts:date>1996-05-31 00:00:00 -0400</ts:date>
  </trn:date-posted>
  <trn:date-entered>
    <ts:date>2001-03-26 15:43:51 -0500</ts:date>
    <ts:ns>913672000</ts:ns>
  </trn:date-entered>
  <trn:description>Dr. Lin</trn:description>
  <trn:splits>
    <trn:split>
      <split:id type="guid">b3a5898f708891b07b703e8683123fc1</split:id>
      <split:reconciled-state>n</split:reconciled-state>
      <split:value>1000/100</split:value>
      <split:quantity>1000/100</split:quantity>
      <split:account type="guid">60845136829c50ec4a09675a08c2da24</split:account>
    </trn:split>
    <trn:split>
      <split:id type="guid">577064b50b647f947233fc7a6f7ce69c</split:id>
      <split:reconciled-state>n</split:reconciled-state>
      <split:value>-1000/100</split:value>
      <split:quantity>-1000/100</split:quantity>
      <split:account type="guid">ab52d1a8fbd5883a788d51bd29c77e84</split:account>
    </trn:split>
  </trn:splits>
</gnc:transaction>
<gnc:transaction version="2.0.0">
  <trn:id type="guid">8150fe1d52e594e42d5f62ba3698296e</trn:id>
  <trn:date-posted>
    <ts:date>1996-06-02 00:00:00 -0400</ts:date>
  </trn:date-posted>
  <trn:date-entered>
    <ts:date>2001-03-26 15:43:51 -0500</ts:date>
    <ts:ns>919411000</ts:ns>
  </trn:date-entered>
  <trn:description>Boss1</trn:description>
  <trn:splits>
    <trn:split>
      <split:id type="guid">c880f2c370ded6fbf6b8d74f78dbf96f</split:id>
      <split:reconciled-state>n</split:reconciled-state>
      <split:value>-198587/100</split:value>
      <split:quantity>-198587/100</split:quantity>
      <split:account type="guid">4da6e3f697287c126a6827efd63a0b43</split:account>
    </trn:split>
    <trn:split>
      <split:id type="guid">15c01c2812df2b9b8846a4a7c54c558b</split:id>
      <split:reconciled-state>n</split:reconciled-state>
      <split:value>198587/100</split:value>
      <split:quantity>198587/100</split:quantity>
      <split:account type="guid">ab52d1a8fbd5883a788d51bd29c77e84</split:account>
    </trn:split>
  </trn:splits>
</gnc:transaction>
<gnc:transaction version="2.0.0">
  <trn:id type="guid">93eeb5c9b17b7b0290aacd884736da4d</trn:id>
  <trn:date-posted>
    <ts:date>1996-06-02 00:00:00 -0400</ts:date>
  </trn:date-posted>
  <trn:date-entered>
    <ts:date>2001-03-26 15:43:51 -0500</ts:date>
    <ts:ns>922316000</ts:ns>
  </trn:date-entered>
  <trn:description>Cash</trn:description>
  <trn:splits>
    <trn:split>
      <split:id type="guid">d8a81670d60b3bd149482a2b40ec51c1</split:id>
      <split:reconciled-state>n</split:reconciled-state>
      <split:value>10000/100</split:value>
      <split:quantity>10000/100</split:quantity>
      <split:account type="guid">9defb6c42135fa2f4036762c8926c8ca</split:account>
    </trn:split>
    <trn:split>
      <split:id type="guid">c21835fa5eaa414edf098754497a90ef</split:id>
      <split:reconciled-state>n</split:reconciled-state>
      <split:value>-10000/100</split:value>
      <split:quantity>-10000/100</split:quantity>
      <split:account type="guid">ab52d1a8fbd5883a788d51bd29c77e84</split:account>
    </trn:split>
  </trn:splits>
</gnc:transaction>
<gnc:transaction version="2.0.0">
  <trn:id type="guid">51d6c9b07b71b5f2394efee66ac03663</trn:id>
  <trn:num>158</trn:num>
  <trn:date-posted>
    <ts:date>1996-06-02 00:00:00 -0400</ts:date>
  </trn:date-posted>
  <trn:date-entered>
    <ts:date>2001-03-26 15:43:51 -0500</ts:date>
    <ts:ns>926588000</ts:ns>
  </trn:date-entered>
  <trn:description>Landlord</trn:description>
  <trn:splits>
    <trn:split>
      <split:id type="guid">de6d5dca32aade8598ed2395d93fdd41</split:id>
      <split:reconciled-state>n</split:reconciled-state>
      <split:value>52500/100</split:value>
      <split:quantity>52500/100</split:quantity>
      <split:account type="guid">329b2c5196efdaf54e1321e05b9f0875</split:account>
    </trn:split>
    <trn:split>
      <split:id type="guid">9fdb2b3988d377bb6389e1959eb4350e</split:id>
      <split:reconciled-state>n</split:reconciled-state>
      <split:value>-52500/100</split:value>
      <split:quantity>-52500/100</split:quantity>
      <split:account type="guid">ab52d1a8fbd5883a788d51bd29c77e84</split:account>
    </trn:split>
  </trn:splits>
</gnc:transaction>
<gnc:transaction version="2.0.0">
  <trn:id type="guid">31ef83d148b3db98c78f8d5ea4590921</trn:id>
  <trn:num>159</trn:num>
  <trn:date-posted>
    <ts:date>1996-06-02 00:00:00 -0400</ts:date>
  </trn:date-posted>
  <trn:date-entered>
    <ts:date>2001-03-26 15:43:51 -0500</ts:date>
    <ts:ns>929352000</ts:ns>
  </trn:date-entered>
  <trn:description>BN</trn:description>
  <trn:splits>
    <trn:split>
      <split:id type="guid">d7f1ee11be88ddb198c769edb972c128</split:id>
      <split:reconciled-state>n</split:reconciled-state>
      <split:value>5839/100</split:value>
      <split:quantity>5839/100</split:quantity>
      <split:account type="guid">5fc1c6a2a79889318f644120ac82c8ee</split:account>
    </trn:split>
    <trn:split>
      <split:id type="guid">26da9682adf31df8edfe0c8d0a676dd2</split:id>
      <split:reconciled-state>n</split:reconciled-state>
      <split:value>-5839/100</split:value>
      <split:quantity>-5839/100</split:quantity>
      <split:account type="guid">ab52d1a8fbd5883a788d51bd29c77e84</split:account>
    </trn:split>
  </trn:splits>
</gnc:transaction>
<gnc:transaction version="2.0.0">
  <trn:id type="guid">cf125b99804bedffef347ca3faae3268</trn:id>
  <trn:num>160</trn:num>
  <trn:date-posted>
    <ts:date>1996-06-06 00:00:00 -0400</ts:date>
  </trn:date-posted>
  <trn:date-entered>
    <ts:date>2001-03-26 15:43:51 -0500</ts:date>
    <ts:ns>932110000</ts:ns>
  </trn:date-entered>
  <trn:description>LDPC Co.</trn:description>
  <trn:splits>
    <trn:split>
      <split:id type="guid">ca57c095e73c100f0f1b11b2a01b89fe</split:id>
      <split:reconciled-state>n</split:reconciled-state>
      <split:value>4272/100</split:value>
      <split:quantity>4272/100</split:quantity>
      <split:account type="guid">8d9a8e4928257f0b0aaee042057d8012</split:account>
    </trn:split>
    <trn:split>
      <split:id type="guid">342c456e67f09ff660d9e7114544c972</split:id>
      <split:reconciled-state>n</split:reconciled-state>
      <split:value>-4272/100</split:value>
      <split:quantity>-4272/100</split:quantity>
      <split:account type="guid">ab52d1a8fbd5883a788d51bd29c77e84</split:account>
    </trn:split>
  </trn:splits>
</gnc:transaction>
<gnc:transaction version="2.0.0">
  <trn:id type="guid">9e69a56937827ee86a5d61b6a4b8e8f9</trn:id>
  <trn:num>161</trn:num>
  <trn:date-posted>
    <ts:date>1996-06-06 00:00:00 -0400</ts:date>
  </trn:date-posted>
  <trn:date-entered>
    <ts:date>2001-03-26 15:43:51 -0500</ts:date>
    <ts:ns>936779000</ts:ns>
  </trn:date-entered>
  <trn:description>Pacific Bell</trn:description>
  <trn:splits>
    <trn:split>
      <split:id type="guid">3155ac938b0c530fc5d4fd3fec88d447</split:id>
      <split:reconciled-state>n</split:reconciled-state>
      <split:value>4825/100</split:value>
      <split:quantity>4825/100</split:quantity>
      <split:account type="guid">8d9a8e4928257f0b0aaee042057d8012</split:account>
    </trn:split>
    <trn:split>
      <split:id type="guid">693e36469e3650a2c9d8c8da0a1217f7</split:id>
      <split:reconciled-state>n</split:reconciled-state>
      <split:value>-4825/100</split:value>
      <split:quantity>-4825/100</split:quantity>
      <split:account type="guid">ab52d1a8fbd5883a788d51bd29c77e84</split:account>
    </trn:split>
  </trn:splits>
</gnc:transaction>
<gnc:transaction version="2.0.0">
  <trn:id type="guid">b5f4a8fa3fbd8d8d7be989fb1dcbaeb6</trn:id>
  <trn:num>162</trn:num>
  <trn:date-posted>
    <ts:date>1996-06-07 00:00:00 -0400</ts:date>
  </trn:date-posted>
  <trn:date-entered>
    <ts:date>2001-03-26 15:43:51 -0500</ts:date>
    <ts:ns>939543000</ts:ns>
  </trn:date-entered>
  <trn:description>Insurance Co.</trn:description>
  <trn:splits>
    <trn:split>
      <split:id type="guid">5fe23541ee174671004bdd551d978253</split:id>
      <split:reconciled-state>n</split:reconciled-state>
      <split:value>53700/100</split:value>
      <split:quantity>53700/100</split:quantity>
      <split:account type="guid">cc640e911a739a6f58675333704ce9de</split:account>
    </trn:split>
    <trn:split>
      <split:id type="guid">68e6e01217e4b2d4a4ebf586385d084a</split:id>
      <split:reconciled-state>n</split:reconciled-state>
      <split:value>-53700/100</split:value>
      <split:quantity>-53700/100</split:quantity>
      <split:account type="guid">ab52d1a8fbd5883a788d51bd29c77e84</split:account>
    </trn:split>
  </trn:splits>
</gnc:transaction>
<gnc:transaction version="2.0.0">
  <trn:id type="guid">e3eca2d3e24c3699985d8a5333688c36</trn:id>
  <trn:date-posted>
    <ts:date>1996-06-10 00:00:00 -0400</ts:date>
  </trn:date-posted>
  <trn:date-entered>
    <ts:date>2001-03-26 15:43:51 -0500</ts:date>
    <ts:ns>942243000</ts:ns>
  </trn:date-entered>
  <trn:description>School</trn:description>
  <trn:splits>
    <trn:split>
      <split:id type="guid">76c63e3507cd0cd261b7803892960177</split:id>
      <split:reconciled-state>n</split:reconciled-state>
      <split:value>-126961/100</split:value>
      <split:quantity>-126961/100</split:quantity>
      <split:account type="guid">4da6e3f697287c126a6827efd63a0b43</split:account>
    </trn:split>
    <trn:split>
      <split:id type="guid">767a2cfaa7b5460434172107b6d1fbc6</split:id>
      <split:reconciled-state>n</split:reconciled-state>
      <split:value>126961/100</split:value>
      <split:quantity>126961/100</split:quantity>
      <split:account type="guid">ab52d1a8fbd5883a788d51bd29c77e84</split:account>
    </trn:split>
  </trn:splits>
</gnc:transaction>
<gnc:transaction version="2.0.0">
  <trn:id type="guid">827f465fce33844e27701408a712e95a</trn:id>
  <trn:date-posted>
    <ts:date>1996-06-10 00:00:00 -0400</ts:date>
  </trn:date-posted>
  <trn:date-entered>
    <ts:date>2001-03-26 15:43:51 -0500</ts:date>
    <ts:ns>965302000</ts:ns>
  </trn:date-entered>
  <trn:description>Power Co.</trn:description>
  <trn:splits>
    <trn:split>
      <split:id type="guid">cc0b3b8522b718bfcd14972c3ed6007d</split:id>
      <split:reconciled-state>n</split:reconciled-state>
      <split:value>2536/100</split:value>
      <split:quantity>2536/100</split:quantity>
      <split:account type="guid">92b05cc5070282b02b05e60f161a5882</split:account>
    </trn:split>
    <trn:split>
      <split:id type="guid">4f60a895cdcf6d9fad2025e417d5c27d</split:id>
      <split:reconciled-state>n</split:reconciled-state>
      <split:value>-2536/100</split:value>
      <split:quantity>-2536/100</split:quantity>
      <split:account type="guid">ab52d1a8fbd5883a788d51bd29c77e84</split:account>
    </trn:split>
  </trn:splits>
</gnc:transaction>
<gnc:transaction version="2.0.0">
  <trn:id type="guid">bdadf3d9d218123fde4fc222e201060f</trn:id>
  <trn:num>163</trn:num>
  <trn:date-posted>
    <ts:date>1996-06-10 00:00:00 -0400</ts:date>
  </trn:date-posted>
  <trn:date-entered>
    <ts:date>2001-03-26 15:43:51 -0500</ts:date>
    <ts:ns>968340000</ts:ns>
  </trn:date-entered>
  <trn:description>W Visa Gold</trn:description>
  <trn:splits>
    <trn:split>
      <split:id type="guid">b4d2875407a1d23b91cdc4dc8ea83b73</split:id>
      <split:reconciled-state>n</split:reconciled-state>
      <split:value>53380/100</split:value>
      <split:quantity>53380/100</split:quantity>
      <split:account type="guid">5fc1c6a2a79889318f644120ac82c8ee</split:account>
    </trn:split>
    <trn:split>
      <split:id type="guid">2cbb626807d92add1ffe432d08facfc6</split:id>
      <split:reconciled-state>n</split:reconciled-state>
      <split:value>-53380/100</split:value>
      <split:quantity>-53380/100</split:quantity>
      <split:account type="guid">ab52d1a8fbd5883a788d51bd29c77e84</split:account>
    </trn:split>
  </trn:splits>
</gnc:transaction>
<gnc:transaction version="2.0.0">
  <trn:id type="guid">ff335d7748589f987f5264581d698ee4</trn:id>
  <trn:num>164</trn:num>
  <trn:date-posted>
    <ts:date>1996-06-10 00:00:00 -0400</ts:date>
  </trn:date-posted>
  <trn:date-entered>
    <ts:date>2001-03-26 15:43:51 -0500</ts:date>
    <ts:ns>971146000</ts:ns>
  </trn:date-entered>
  <trn:description>DC</trn:description>
  <trn:splits>
    <trn:split>
      <split:id type="guid">26bd650eb79addb479acf50e21edf749</split:id>
      <split:reconciled-state>n</split:reconciled-state>
      <split:value>2565/100</split:value>
      <split:quantity>2565/100</split:quantity>
      <split:account type="guid">5fc1c6a2a79889318f644120ac82c8ee</split:account>
    </trn:split>
    <trn:split>
      <split:id type="guid">4452db63db9e9d297f4f419b1960776d</split:id>
      <split:reconciled-state>n</split:reconciled-state>
      <split:value>-2565/100</split:value>
      <split:quantity>-2565/100</split:quantity>
      <split:account type="guid">ab52d1a8fbd5883a788d51bd29c77e84</split:account>
    </trn:split>
  </trn:splits>
</gnc:transaction>
<gnc:transaction version="2.0.0">
  <trn:id type="guid">c4ae7ccd12d1161d4dbdea8dde7ea8e7</trn:id>
  <trn:num>165</trn:num>
  <trn:date-posted>
    <ts:date>1996-06-11 00:00:00 -0400</ts:date>
  </trn:date-posted>
  <trn:date-entered>
    <ts:date>2001-03-26 15:43:51 -0500</ts:date>
    <ts:ns>975957000</ts:ns>
  </trn:date-entered>
  <trn:description>C Master Card</trn:description>
  <trn:splits>
    <trn:split>
      <split:id type="guid">ff3fca29ab0dfa859bee8a2ff6fae23a</split:id>
      <split:reconciled-state>n</split:reconciled-state>
      <split:value>7116/100</split:value>
      <split:quantity>7116/100</split:quantity>
      <split:account type="guid">5fc1c6a2a79889318f644120ac82c8ee</split:account>
    </trn:split>
    <trn:split>
      <split:id type="guid">d032f4fec5ac9f44bfcb8452cc0addfd</split:id>
      <split:reconciled-state>n</split:reconciled-state>
      <split:value>-7116/100</split:value>
      <split:quantity>-7116/100</split:quantity>
      <split:account type="guid">ab52d1a8fbd5883a788d51bd29c77e84</split:account>
    </trn:split>
  </trn:splits>
</gnc:transaction>
<gnc:transaction version="2.0.0">
  <trn:id type="guid">8b6f44c8914998ca440d9e7098c1e787</trn:id>
  <trn:num>166</trn:num>
  <trn:date-posted>
    <ts:date>1996-06-13 00:00:00 -0400</ts:date>
  </trn:date-posted>
  <trn:date-entered>
    <ts:date>2001-03-26 15:43:51 -0500</ts:date>
    <ts:ns>979005000</ts:ns>
  </trn:date-entered>
  <trn:description>NB</trn:description>
  <trn:splits>
    <trn:split>
      <split:id type="guid">01e0503bf0a33cfd11644d7d3d4857ca</split:id>
      <split:reconciled-state>n</split:reconciled-state>
      <split:value>168224/100</split:value>
      <split:quantity>168224/100</split:quantity>
      <split:account type="guid">5fc1c6a2a79889318f644120ac82c8ee</split:account>
    </trn:split>
    <trn:split>
      <split:id type="guid">6c5ecb934ed6229fdbc18ad234667dcc</split:id>
      <split:reconciled-state>n</split:reconciled-state>
      <split:value>-168224/100</split:value>
      <split:quantity>-168224/100</split:quantity>
      <split:account type="guid">ab52d1a8fbd5883a788d51bd29c77e84</split:account>
    </trn:split>
  </trn:splits>
</gnc:transaction>
<gnc:transaction version="2.0.0">
  <trn:id type="guid">13cbb2faf0a5e634c3303a0b6e5f5228</trn:id>
  <trn:date-posted>
    <ts:date>1996-06-28 00:00:00 -0400</ts:date>
  </trn:date-posted>
  <trn:date-entered>
    <ts:date>2001-03-26 15:43:51 -0500</ts:date>
    <ts:ns>982656000</ts:ns>
  </trn:date-entered>
  <trn:description>Cash</trn:description>
  <trn:splits>
    <trn:split>
      <split:id type="guid">6c1b8da73502218cc794acc0fa24bcb6</split:id>
      <split:reconciled-state>n</split:reconciled-state>
      <split:value>10000/100</split:value>
      <split:quantity>10000/100</split:quantity>
      <split:account type="guid">9defb6c42135fa2f4036762c8926c8ca</split:account>
    </trn:split>
    <trn:split>
      <split:id type="guid">6263191d1db47c49786f295322b1db4d</split:id>
      <split:reconciled-state>n</split:reconciled-state>
      <split:value>-10000/100</split:value>
      <split:quantity>-10000/100</split:quantity>
      <split:account type="guid">ab52d1a8fbd5883a788d51bd29c77e84</split:account>
    </trn:split>
  </trn:splits>
</gnc:transaction>
<gnc:transaction version="2.0.0">
  <trn:id type="guid">b53505bdc19ec5f0c0abb67c54a243f9</trn:id>
  <trn:num>167</trn:num>
  <trn:date-posted>
    <ts:date>1996-07-01 00:00:00 -0400</ts:date>
  </trn:date-posted>
  <trn:date-entered>
    <ts:date>2001-03-26 15:43:51 -0500</ts:date>
    <ts:ns>987122000</ts:ns>
  </trn:date-entered>
  <trn:description>Landlord</trn:description>
  <trn:splits>
    <trn:split>
      <split:id type="guid">ac8b874b440604a0afe97cff80743e47</split:id>
      <split:reconciled-state>n</split:reconciled-state>
      <split:value>52500/100</split:value>
      <split:quantity>52500/100</split:quantity>
      <split:account type="guid">329b2c5196efdaf54e1321e05b9f0875</split:account>
    </trn:split>
    <trn:split>
      <split:id type="guid">072e2abcec072f2bafe0369a29077c62</split:id>
      <split:reconciled-state>n</split:reconciled-state>
      <split:value>-52500/100</split:value>
      <split:quantity>-52500/100</split:quantity>
      <split:account type="guid">ab52d1a8fbd5883a788d51bd29c77e84</split:account>
    </trn:split>
  </trn:splits>
</gnc:transaction>
<gnc:transaction version="2.0.0">
  <trn:id type="guid">c80ab1d0b5b85ecb6875bd22807adb28</trn:id>
  <trn:date-posted>
    <ts:date>1996-07-08 00:00:00 -0400</ts:date>
  </trn:date-posted>
  <trn:date-entered>
    <ts:date>2001-03-26 15:43:51 -0500</ts:date>
    <ts:ns>989865000</ts:ns>
  </trn:date-entered>
  <trn:description>Power Co.</trn:description>
  <trn:splits>
    <trn:split>
      <split:id type="guid">80e23b07aae7dcb2a517ea8e7db8fee9</split:id>
      <split:reconciled-state>n</split:reconciled-state>
      <split:value>1222/100</split:value>
      <split:quantity>1222/100</split:quantity>
      <split:account type="guid">92b05cc5070282b02b05e60f161a5882</split:account>
    </trn:split>
    <trn:split>
      <split:id type="guid">ad8f72d860006be316b5813b769a94cd</split:id>
      <split:reconciled-state>n</split:reconciled-state>
      <split:value>-1222/100</split:value>
      <split:quantity>-1222/100</split:quantity>
      <split:account type="guid">ab52d1a8fbd5883a788d51bd29c77e84</split:account>
    </trn:split>
  </trn:splits>
</gnc:transaction>
<gnc:transaction version="2.0.0">
  <trn:id type="guid">65420803005c09711a139a8818567f12</trn:id>
  <trn:num>168</trn:num>
  <trn:date-posted>
    <ts:date>1996-07-08 00:00:00 -0400</ts:date>
  </trn:date-posted>
  <trn:date-entered>
    <ts:date>2001-03-26 15:43:51 -0500</ts:date>
    <ts:ns>992871000</ts:ns>
  </trn:date-entered>
  <trn:description>Toy&apos;s R Us Visa Gold</trn:description>
  <trn:splits>
    <trn:split>
      <split:id type="guid">c4bea13f45fd7f60257a97120926ea13</split:id>
      <split:reconciled-state>n</split:reconciled-state>
      <split:value>1000/100</split:value>
      <split:quantity>1000/100</split:quantity>
      <split:account type="guid">5fc1c6a2a79889318f644120ac82c8ee</split:account>
    </trn:split>
    <trn:split>
      <split:id type="guid">72aca212314006703869549932a7b19a</split:id>
      <split:reconciled-state>n</split:reconciled-state>
      <split:value>-1000/100</split:value>
      <split:quantity>-1000/100</split:quantity>
      <split:account type="guid">ab52d1a8fbd5883a788d51bd29c77e84</split:account>
    </trn:split>
  </trn:splits>
</gnc:transaction>
<gnc:transaction version="2.0.0">
  <trn:id type="guid">7a86fafa9c7d405307d5f417213b750a</trn:id>
  <trn:num>169</trn:num>
  <trn:date-posted>
    <ts:date>1996-07-16 00:00:00 -0400</ts:date>
  </trn:date-posted>
  <trn:date-entered>
    <ts:date>2001-03-26 15:43:52 -0500</ts:date>
    <ts:ns>3717000</ts:ns>
  </trn:date-entered>
  <trn:description>NB</trn:description>
  <trn:splits>
    <trn:split>
      <split:id type="guid">10a986e3288f5e708f7097afd7eda775</split:id>
      <split:reconciled-state>n</split:reconciled-state>
      <split:value>32566/100</split:value>
      <split:quantity>32566/100</split:quantity>
      <split:account type="guid">5fc1c6a2a79889318f644120ac82c8ee</split:account>
    </trn:split>
    <trn:split>
      <split:id type="guid">2d14da9cb078c20ade5929133fa608de</split:id>
      <split:reconciled-state>n</split:reconciled-state>
      <split:value>-32566/100</split:value>
      <split:quantity>-32566/100</split:quantity>
      <split:account type="guid">ab52d1a8fbd5883a788d51bd29c77e84</split:account>
    </trn:split>
  </trn:splits>
</gnc:transaction>
<gnc:transaction version="2.0.0">
  <trn:id type="guid">69f5054da696183a5bcb890dacecef37</trn:id>
  <trn:num>170</trn:num>
  <trn:date-posted>
    <ts:date>1996-07-16 00:00:00 -0400</ts:date>
  </trn:date-posted>
  <trn:date-entered>
    <ts:date>2001-03-26 15:43:52 -0500</ts:date>
    <ts:ns>8422000</ts:ns>
  </trn:date-entered>
  <trn:description>Pacific Bell</trn:description>
  <trn:splits>
    <trn:split>
      <split:id type="guid">a34dcdac101ed7dee764105d9c6318ab</split:id>
      <split:reconciled-state>n</split:reconciled-state>
      <split:value>4577/100</split:value>
      <split:quantity>4577/100</split:quantity>
      <split:account type="guid">8d9a8e4928257f0b0aaee042057d8012</split:account>
    </trn:split>
    <trn:split>
      <split:id type="guid">8e69f5c480dd1ecc74f56f2666ac7422</split:id>
      <split:reconciled-state>n</split:reconciled-state>
      <split:value>-4577/100</split:value>
      <split:quantity>-4577/100</split:quantity>
      <split:account type="guid">ab52d1a8fbd5883a788d51bd29c77e84</split:account>
    </trn:split>
  </trn:splits>
</gnc:transaction>
<gnc:transaction version="2.0.0">
  <trn:id type="guid">78800a0181e5691c34ec3c999c931072</trn:id>
  <trn:num>171</trn:num>
  <trn:date-posted>
    <ts:date>1996-07-16 00:00:00 -0400</ts:date>
  </trn:date-posted>
  <trn:date-entered>
    <ts:date>2001-03-26 15:43:52 -0500</ts:date>
    <ts:ns>11227000</ts:ns>
  </trn:date-entered>
  <trn:description>Time</trn:description>
  <trn:splits>
    <trn:split>
      <split:id type="guid">470688ff141f7385f1105e3f478519fd</split:id>
      <split:reconciled-state>n</split:reconciled-state>
      <split:value>2997/100</split:value>
      <split:quantity>2997/100</split:quantity>
      <split:account type="guid">f981711ab9d0c5ca6b75d0b5a8ee261b</split:account>
    </trn:split>
    <trn:split>
      <split:id type="guid">87320fbcc1a2c509eeb02544cddc3f9e</split:id>
      <split:reconciled-state>n</split:reconciled-state>
      <split:value>-2997/100</split:value>
      <split:quantity>-2997/100</split:quantity>
      <split:account type="guid">ab52d1a8fbd5883a788d51bd29c77e84</split:account>
    </trn:split>
  </trn:splits>
</gnc:transaction>
<gnc:transaction version="2.0.0">
  <trn:id type="guid">d1002cb7e6a1897da27f743834a624ed</trn:id>
  <trn:num>173</trn:num>
  <trn:date-posted>
    <ts:date>1996-07-16 00:00:00 -0400</ts:date>
  </trn:date-posted>
  <trn:date-entered>
    <ts:date>2001-03-26 15:43:52 -0500</ts:date>
    <ts:ns>14951000</ts:ns>
  </trn:date-entered>
  <trn:description>C Master Card</trn:description>
  <trn:splits>
    <trn:split>
      <split:id type="guid">d45d4e63c88c6405ed76674728918d8a</split:id>
      <split:reconciled-state>n</split:reconciled-state>
      <split:value>40165/100</split:value>
      <split:quantity>40165/100</split:quantity>
      <split:account type="guid">5fc1c6a2a79889318f644120ac82c8ee</split:account>
    </trn:split>
    <trn:split>
      <split:id type="guid">7c91a4e3ce75b98774adf549df0524bd</split:id>
      <split:reconciled-state>n</split:reconciled-state>
      <split:value>-40165/100</split:value>
      <split:quantity>-40165/100</split:quantity>
      <split:account type="guid">ab52d1a8fbd5883a788d51bd29c77e84</split:account>
    </trn:split>
  </trn:splits>
</gnc:transaction>
<gnc:transaction version="2.0.0">
  <trn:id type="guid">9364962fb22a7dbbd8ab3331005276e4</trn:id>
  <trn:num>174</trn:num>
  <trn:date-posted>
    <ts:date>1996-07-16 00:00:00 -0400</ts:date>
  </trn:date-posted>
  <trn:date-entered>
    <ts:date>2001-03-26 15:43:52 -0500</ts:date>
    <ts:ns>17848000</ts:ns>
  </trn:date-entered>
  <trn:description>City</trn:description>
  <trn:splits>
    <trn:split>
      <split:id type="guid">e614f2407ed31c96f91bd9143b043bee</split:id>
      <split:reconciled-state>n</split:reconciled-state>
      <split:value>4400/100</split:value>
      <split:quantity>4400/100</split:quantity>
      <split:account type="guid">74446cb1e9d9fb729f0d002aea325430</split:account>
    </trn:split>
    <trn:split>
      <split:id type="guid">051240eac8b00202ebe9c0925caf09f5</split:id>
      <split:reconciled-state>n</split:reconciled-state>
      <split:value>-4400/100</split:value>
      <split:quantity>-4400/100</split:quantity>
      <split:account type="guid">ab52d1a8fbd5883a788d51bd29c77e84</split:account>
    </trn:split>
  </trn:splits>
</gnc:transaction>
<gnc:transaction version="2.0.0">
  <trn:id type="guid">869d749275759cdad7600a6a897c56f3</trn:id>
  <trn:num>175</trn:num>
  <trn:date-posted>
    <ts:date>1996-07-16 00:00:00 -0400</ts:date>
  </trn:date-posted>
  <trn:date-entered>
    <ts:date>2001-03-26 15:43:52 -0500</ts:date>
    <ts:ns>20629000</ts:ns>
  </trn:date-entered>
  <trn:description>City</trn:description>
  <trn:splits>
    <trn:split>
      <split:id type="guid">a83ddfda38cb4a9b27bae3072635e949</split:id>
      <split:reconciled-state>n</split:reconciled-state>
      <split:value>2800/100</split:value>
      <split:quantity>2800/100</split:quantity>
      <split:account type="guid">74446cb1e9d9fb729f0d002aea325430</split:account>
    </trn:split>
    <trn:split>
      <split:id type="guid">7a941aff4f549ca310c2093ffe462702</split:id>
      <split:reconciled-state>n</split:reconciled-state>
      <split:value>-2800/100</split:value>
      <split:quantity>-2800/100</split:quantity>
      <split:account type="guid">ab52d1a8fbd5883a788d51bd29c77e84</split:account>
    </trn:split>
  </trn:splits>
</gnc:transaction>
<gnc:transaction version="2.0.0">
  <trn:id type="guid">f1e7806e3793cda21e7b9a46f719bb35</trn:id>
  <trn:date-posted>
    <ts:date>1996-07-18 00:00:00 -0400</ts:date>
  </trn:date-posted>
  <trn:date-entered>
    <ts:date>2001-03-26 15:43:52 -0500</ts:date>
    <ts:ns>23418000</ts:ns>
  </trn:date-entered>
  <trn:description>School</trn:description>
  <trn:splits>
    <trn:split>
      <split:id type="guid">aaf5c02e66ff8695af23277dd3ee897a</split:id>
      <split:reconciled-state>n</split:reconciled-state>
      <split:value>-126963/100</split:value>
      <split:quantity>-126963/100</split:quantity>
      <split:account type="guid">4da6e3f697287c126a6827efd63a0b43</split:account>
    </trn:split>
    <trn:split>
      <split:id type="guid">4f7e07821154b619b518e75273fadc52</split:id>
      <split:reconciled-state>n</split:reconciled-state>
      <split:value>126963/100</split:value>
      <split:quantity>126963/100</split:quantity>
      <split:account type="guid">ab52d1a8fbd5883a788d51bd29c77e84</split:account>
    </trn:split>
  </trn:splits>
</gnc:transaction>
<gnc:transaction version="2.0.0">
  <trn:id type="guid">f97ed5019297ed296d8add672ad47da8</trn:id>
  <trn:num>176</trn:num>
  <trn:date-posted>
    <ts:date>1996-08-01 00:00:00 -0400</ts:date>
  </trn:date-posted>
  <trn:date-entered>
    <ts:date>2001-03-26 15:43:52 -0500</ts:date>
    <ts:ns>28954000</ts:ns>
  </trn:date-entered>
  <trn:description>Landlord</trn:description>
  <trn:splits>
    <trn:split>
      <split:id type="guid">9d9549c48e995d79864fa5deb57a95e6</split:id>
      <split:reconciled-state>n</split:reconciled-state>
      <split:value>52500/100</split:value>
      <split:quantity>52500/100</split:quantity>
      <split:account type="guid">329b2c5196efdaf54e1321e05b9f0875</split:account>
    </trn:split>
    <trn:split>
      <split:id type="guid">99c85df22c35a6f8f63e8944a8539dcc</split:id>
      <split:reconciled-state>n</split:reconciled-state>
      <split:value>-52500/100</split:value>
      <split:quantity>-52500/100</split:quantity>
      <split:account type="guid">ab52d1a8fbd5883a788d51bd29c77e84</split:account>
    </trn:split>
  </trn:splits>
</gnc:transaction>
<gnc:transaction version="2.0.0">
  <trn:id type="guid">255cc64d2efd39d180147273e7b0beee</trn:id>
  <trn:date-posted>
    <ts:date>1996-08-06 00:00:00 -0400</ts:date>
  </trn:date-posted>
  <trn:date-entered>
    <ts:date>2001-03-26 15:43:52 -0500</ts:date>
    <ts:ns>31779000</ts:ns>
  </trn:date-entered>
  <trn:description>Power Co.</trn:description>
  <trn:splits>
    <trn:split>
      <split:id type="guid">959c84ae24b87804e4ffe379d26377f7</split:id>
      <split:reconciled-state>n</split:reconciled-state>
      <split:value>2040/100</split:value>
      <split:quantity>2040/100</split:quantity>
      <split:account type="guid">92b05cc5070282b02b05e60f161a5882</split:account>
    </trn:split>
    <trn:split>
      <split:id type="guid">e7775e9f11ced47731b9bb277f025a38</split:id>
      <split:reconciled-state>n</split:reconciled-state>
      <split:value>-2040/100</split:value>
      <split:quantity>-2040/100</split:quantity>
      <split:account type="guid">ab52d1a8fbd5883a788d51bd29c77e84</split:account>
    </trn:split>
  </trn:splits>
</gnc:transaction>
<gnc:transaction version="2.0.0">
  <trn:id type="guid">1e8dfa5a0e8299d0c5b9b0429032698c</trn:id>
  <trn:num>177</trn:num>
  <trn:date-posted>
    <ts:date>1996-08-08 00:00:00 -0400</ts:date>
  </trn:date-posted>
  <trn:date-entered>
    <ts:date>2001-03-26 15:43:52 -0500</ts:date>
    <ts:ns>37056000</ts:ns>
  </trn:date-entered>
  <trn:description>Pacific Bell</trn:description>
  <trn:splits>
    <trn:split>
      <split:id type="guid">dab5d77f99187ae3faf3a2b4220f686d</split:id>
      <split:reconciled-state>n</split:reconciled-state>
      <split:value>4273/100</split:value>
      <split:quantity>4273/100</split:quantity>
      <split:account type="guid">8d9a8e4928257f0b0aaee042057d8012</split:account>
    </trn:split>
    <trn:split>
      <split:id type="guid">ea9664178f2e60e78753780875eb7973</split:id>
      <split:reconciled-state>n</split:reconciled-state>
      <split:value>-4273/100</split:value>
      <split:quantity>-4273/100</split:quantity>
      <split:account type="guid">ab52d1a8fbd5883a788d51bd29c77e84</split:account>
    </trn:split>
  </trn:splits>
</gnc:transaction>
<gnc:transaction version="2.0.0">
  <trn:id type="guid">dfc1b034a09c8d323bed621ff045d377</trn:id>
  <trn:date-posted>
    <ts:date>1996-08-09 00:00:00 -0400</ts:date>
  </trn:date-posted>
  <trn:date-entered>
    <ts:date>2001-03-26 15:43:52 -0500</ts:date>
    <ts:ns>39923000</ts:ns>
  </trn:date-entered>
  <trn:description>School</trn:description>
  <trn:splits>
    <trn:split>
      <split:id type="guid">2c0fa8a5bb32159749a049b35778c6cd</split:id>
      <split:reconciled-state>n</split:reconciled-state>
      <split:value>-126961/100</split:value>
      <split:quantity>-126961/100</split:quantity>
      <split:account type="guid">4da6e3f697287c126a6827efd63a0b43</split:account>
    </trn:split>
    <trn:split>
      <split:id type="guid">8fee2684fb6350565a4ffcc5d3b4f4b6</split:id>
      <split:reconciled-state>n</split:reconciled-state>
      <split:value>126961/100</split:value>
      <split:quantity>126961/100</split:quantity>
      <split:account type="guid">ab52d1a8fbd5883a788d51bd29c77e84</split:account>
    </trn:split>
  </trn:splits>
</gnc:transaction>
<gnc:transaction version="2.0.0">
  <trn:id type="guid">43060122cbc22c78e2b8a671c7ee52a2</trn:id>
  <trn:date-posted>
    <ts:date>1996-08-09 00:00:00 -0400</ts:date>
  </trn:date-posted>
  <trn:date-entered>
    <ts:date>2001-03-26 15:43:52 -0500</ts:date>
    <ts:ns>42746000</ts:ns>
  </trn:date-entered>
  <trn:description>Boss1</trn:description>
  <trn:splits>
    <trn:split>
      <split:id type="guid">12894902cf28dfc8b15e506b99db0ad2</split:id>
      <split:reconciled-state>n</split:reconciled-state>
      <split:value>-32420/100</split:value>
      <split:quantity>-32420/100</split:quantity>
      <split:account type="guid">60a59d2467d55241a1f13d5c0c43fa1b</split:account>
    </trn:split>
    <trn:split>
      <split:id type="guid">4b642b9930da675849ef7c299b784c44</split:id>
      <split:reconciled-state>n</split:reconciled-state>
      <split:value>32420/100</split:value>
      <split:quantity>32420/100</split:quantity>
      <split:account type="guid">ab52d1a8fbd5883a788d51bd29c77e84</split:account>
    </trn:split>
  </trn:splits>
</gnc:transaction>
<gnc:transaction version="2.0.0">
  <trn:id type="guid">2e58b252640f47edbfdd26c3ba045c77</trn:id>
  <trn:date-posted>
    <ts:date>1996-08-13 00:00:00 -0400</ts:date>
  </trn:date-posted>
  <trn:date-entered>
    <ts:date>2001-03-26 15:43:52 -0500</ts:date>
    <ts:ns>55164000</ts:ns>
  </trn:date-entered>
  <trn:description>Cash</trn:description>
  <trn:splits>
    <trn:split>
      <split:id type="guid">acf5c71ea234cf1f020506fe93da05ea</split:id>
      <split:reconciled-state>n</split:reconciled-state>
      <split:value>10000/100</split:value>
      <split:quantity>10000/100</split:quantity>
      <split:account type="guid">9defb6c42135fa2f4036762c8926c8ca</split:account>
    </trn:split>
    <trn:split>
      <split:id type="guid">5fe2a446f25ec5d26d6b49ad6f465022</split:id>
      <split:reconciled-state>n</split:reconciled-state>
      <split:value>-10000/100</split:value>
      <split:quantity>-10000/100</split:quantity>
      <split:account type="guid">ab52d1a8fbd5883a788d51bd29c77e84</split:account>
    </trn:split>
  </trn:splits>
</gnc:transaction>
<gnc:transaction version="2.0.0">
  <trn:id type="guid">f943f0aaab26d0829cddb27bb47758b9</trn:id>
  <trn:num>178</trn:num>
  <trn:date-posted>
    <ts:date>1996-08-19 00:00:00 -0400</ts:date>
  </trn:date-posted>
  <trn:date-entered>
    <ts:date>2001-03-26 15:43:52 -0500</ts:date>
    <ts:ns>58303000</ts:ns>
  </trn:date-entered>
  <trn:description>C</trn:description>
  <trn:splits>
    <trn:split>
      <split:id type="guid">5ae27b3e479f930aac234e352bf2e5a9</split:id>
      <split:reconciled-state>n</split:reconciled-state>
      <split:value>20800/100</split:value>
      <split:quantity>20800/100</split:quantity>
      <split:account type="guid">9defb6c42135fa2f4036762c8926c8ca</split:account>
    </trn:split>
    <trn:split>
      <split:id type="guid">5c52759d0128417550c0b08c24db1544</split:id>
      <split:reconciled-state>n</split:reconciled-state>
      <split:value>-20800/100</split:value>
      <split:quantity>-20800/100</split:quantity>
      <split:account type="guid">ab52d1a8fbd5883a788d51bd29c77e84</split:account>
    </trn:split>
  </trn:splits>
</gnc:transaction>
<gnc:transaction version="2.0.0">
  <trn:id type="guid">92ac0f8f8dd1020604464f1ac24f57c7</trn:id>
  <trn:num>179</trn:num>
  <trn:date-posted>
    <ts:date>1996-08-19 00:00:00 -0400</ts:date>
  </trn:date-posted>
  <trn:date-entered>
    <ts:date>2001-03-26 15:43:52 -0500</ts:date>
    <ts:ns>61378000</ts:ns>
  </trn:date-entered>
  <trn:description>AUC</trn:description>
  <trn:splits>
    <trn:split>
      <split:id type="guid">847228c1cc64581774bb1a4839be0bc0</split:id>
      <split:reconciled-state>n</split:reconciled-state>
      <split:value>13890/100</split:value>
      <split:quantity>13890/100</split:quantity>
      <split:account type="guid">5fc1c6a2a79889318f644120ac82c8ee</split:account>
    </trn:split>
    <trn:split>
      <split:id type="guid">7a6b9723dc881a09f58129b765a8c9f1</split:id>
      <split:reconciled-state>n</split:reconciled-state>
      <split:value>-13890/100</split:value>
      <split:quantity>-13890/100</split:quantity>
      <split:account type="guid">ab52d1a8fbd5883a788d51bd29c77e84</split:account>
    </trn:split>
  </trn:splits>
</gnc:transaction>
<gnc:transaction version="2.0.0">
  <trn:id type="guid">a2d400215a07ce6e07f40b7545a7f583</trn:id>
  <trn:num>180</trn:num>
  <trn:date-posted>
    <ts:date>1996-08-19 00:00:00 -0400</ts:date>
  </trn:date-posted>
  <trn:date-entered>
    <ts:date>2001-03-26 15:43:52 -0500</ts:date>
    <ts:ns>68177000</ts:ns>
  </trn:date-entered>
  <trn:description>NB</trn:description>
  <trn:splits>
    <trn:split>
      <split:id type="guid">908bd17c63b4ed8147bf57f5325dd1eb</split:id>
      <split:reconciled-state>n</split:reconciled-state>
      <split:value>45929/100</split:value>
      <split:quantity>45929/100</split:quantity>
      <split:account type="guid">5fc1c6a2a79889318f644120ac82c8ee</split:account>
    </trn:split>
    <trn:split>
      <split:id type="guid">724dc458cca24734980b50466234cadb</split:id>
      <split:reconciled-state>n</split:reconciled-state>
      <split:value>-45929/100</split:value>
      <split:quantity>-45929/100</split:quantity>
      <split:account type="guid">ab52d1a8fbd5883a788d51bd29c77e84</split:account>
    </trn:split>
  </trn:splits>
</gnc:transaction>
<gnc:transaction version="2.0.0">
  <trn:id type="guid">d58fa35ddc91a1bd7e28b534f1e43ac0</trn:id>
  <trn:num>181</trn:num>
  <trn:date-posted>
    <ts:date>1996-09-01 00:00:00 -0400</ts:date>
  </trn:date-posted>
  <trn:date-entered>
    <ts:date>2001-03-26 15:43:52 -0500</ts:date>
    <ts:ns>71140000</ts:ns>
  </trn:date-entered>
  <trn:description>Landlord</trn:description>
  <trn:splits>
    <trn:split>
      <split:id type="guid">9435125f1377883d24986af8e2e7987a</split:id>
      <split:reconciled-state>n</split:reconciled-state>
      <split:value>52500/100</split:value>
      <split:quantity>52500/100</split:quantity>
      <split:account type="guid">329b2c5196efdaf54e1321e05b9f0875</split:account>
    </trn:split>
    <trn:split>
      <split:id type="guid">39e93873056b11f121dccd606a2c20e7</split:id>
      <split:reconciled-state>n</split:reconciled-state>
      <split:value>-52500/100</split:value>
      <split:quantity>-52500/100</split:quantity>
      <split:account type="guid">ab52d1a8fbd5883a788d51bd29c77e84</split:account>
    </trn:split>
  </trn:splits>
</gnc:transaction>
<gnc:transaction version="2.0.0">
  <trn:id type="guid">34dd57ade85417fa1668a0a611b69527</trn:id>
  <trn:num>182</trn:num>
  <trn:date-posted>
    <ts:date>1996-09-01 00:00:00 -0400</ts:date>
  </trn:date-posted>
  <trn:date-entered>
    <ts:date>2001-03-26 15:43:52 -0500</ts:date>
    <ts:ns>74700000</ts:ns>
  </trn:date-entered>
  <trn:description>Toy&apos;s R Us Visa Gold</trn:description>
  <trn:splits>
    <trn:split>
      <split:id type="guid">ba23b04c1e282f84530093d4e3958334</split:id>
      <split:reconciled-state>n</split:reconciled-state>
      <split:value>2671/100</split:value>
      <split:quantity>2671/100</split:quantity>
      <split:account type="guid">5fc1c6a2a79889318f644120ac82c8ee</split:account>
    </trn:split>
    <trn:split>
      <split:id type="guid">bd7bb0be8755dd8306b328b7867b58bd</split:id>
      <split:reconciled-state>n</split:reconciled-state>
      <split:value>-2671/100</split:value>
      <split:quantity>-2671/100</split:quantity>
      <split:account type="guid">ab52d1a8fbd5883a788d51bd29c77e84</split:account>
    </trn:split>
  </trn:splits>
</gnc:transaction>
<gnc:transaction version="2.0.0">
  <trn:id type="guid">2e0f1d5cd24037de767e811ebdc2951c</trn:id>
  <trn:num>183</trn:num>
  <trn:date-posted>
    <ts:date>1996-09-01 00:00:00 -0400</ts:date>
  </trn:date-posted>
  <trn:date-entered>
    <ts:date>2001-03-26 15:43:52 -0500</ts:date>
    <ts:ns>77730000</ts:ns>
  </trn:date-entered>
  <trn:description>City</trn:description>
  <trn:splits>
    <trn:split>
      <split:id type="guid">305610372745dab6d5243ec054818639</split:id>
      <split:reconciled-state>n</split:reconciled-state>
      <split:value>2200/100</split:value>
      <split:quantity>2200/100</split:quantity>
      <split:account type="guid">74446cb1e9d9fb729f0d002aea325430</split:account>
    </trn:split>
    <trn:split>
      <split:id type="guid">a79aec4f5d7df9089ec1c8150d121b9e</split:id>
      <split:reconciled-state>n</split:reconciled-state>
      <split:value>-2200/100</split:value>
      <split:quantity>-2200/100</split:quantity>
      <split:account type="guid">ab52d1a8fbd5883a788d51bd29c77e84</split:account>
    </trn:split>
  </trn:splits>
</gnc:transaction>
<gnc:transaction version="2.0.0">
  <trn:id type="guid">ddf5dfb3c316d4fc11937e88b891a5a3</trn:id>
  <trn:num>184</trn:num>
  <trn:date-posted>
    <ts:date>1996-09-01 00:00:00 -0400</ts:date>
  </trn:date-posted>
  <trn:date-entered>
    <ts:date>2001-03-26 15:43:52 -0500</ts:date>
    <ts:ns>80595000</ts:ns>
  </trn:date-entered>
  <trn:description>LDPC Co.</trn:description>
  <trn:splits>
    <trn:split>
      <split:id type="guid">c31b3593ab7d4d47be4b20536c0f1c1d</split:id>
      <split:reconciled-state>n</split:reconciled-state>
      <split:value>2466/100</split:value>
      <split:quantity>2466/100</split:quantity>
      <split:account type="guid">8d9a8e4928257f0b0aaee042057d8012</split:account>
    </trn:split>
    <trn:split>
      <split:id type="guid">aebc83eacc0c2206c22cd7ffd2c0b3c7</split:id>
      <split:reconciled-state>n</split:reconciled-state>
      <split:value>-2466/100</split:value>
      <split:quantity>-2466/100</split:quantity>
      <split:account type="guid">ab52d1a8fbd5883a788d51bd29c77e84</split:account>
    </trn:split>
  </trn:splits>
</gnc:transaction>
<gnc:transaction version="2.0.0">
  <trn:id type="guid">4526a8a7f14363424f98559e4d87f728</trn:id>
  <trn:num>185</trn:num>
  <trn:date-posted>
    <ts:date>1996-09-03 00:00:00 -0400</ts:date>
  </trn:date-posted>
  <trn:date-entered>
    <ts:date>2001-03-26 15:43:52 -0500</ts:date>
    <ts:ns>83703000</ts:ns>
  </trn:date-entered>
  <trn:description>School C.</trn:description>
  <trn:splits>
    <trn:split>
      <split:id type="guid">63f924779b133221f5debd1d17aba5c0</split:id>
      <split:reconciled-state>n</split:reconciled-state>
      <split:value>2000/100</split:value>
      <split:quantity>2000/100</split:quantity>
      <split:account type="guid">9defb6c42135fa2f4036762c8926c8ca</split:account>
    </trn:split>
    <trn:split>
      <split:id type="guid">45f4df551c02e6f831ffef64381f1d21</split:id>
      <split:reconciled-state>n</split:reconciled-state>
      <split:value>-2000/100</split:value>
      <split:quantity>-2000/100</split:quantity>
      <split:account type="guid">ab52d1a8fbd5883a788d51bd29c77e84</split:account>
    </trn:split>
  </trn:splits>
</gnc:transaction>
<gnc:transaction version="2.0.0">
  <trn:id type="guid">6ea69c8af617af90ecd476f1eed961af</trn:id>
  <trn:num>186</trn:num>
  <trn:date-posted>
    <ts:date>1996-09-03 00:00:00 -0400</ts:date>
  </trn:date-posted>
  <trn:date-entered>
    <ts:date>2001-03-26 15:43:52 -0500</ts:date>
    <ts:ns>87724000</ts:ns>
  </trn:date-entered>
  <trn:description>Pasadena Municipal Court</trn:description>
  <trn:splits>
    <trn:split>
      <split:id type="guid">05cae5c67e2d08998ef0f0d914d531a9</split:id>
      <split:reconciled-state>n</split:reconciled-state>
      <split:value>16500/100</split:value>
      <split:quantity>16500/100</split:quantity>
      <split:account type="guid">9defb6c42135fa2f4036762c8926c8ca</split:account>
    </trn:split>
    <trn:split>
      <split:id type="guid">2d653a413f8d6a5748526fc276f3e93e</split:id>
      <split:reconciled-state>n</split:reconciled-state>
      <split:value>-16500/100</split:value>
      <split:quantity>-16500/100</split:quantity>
      <split:account type="guid">ab52d1a8fbd5883a788d51bd29c77e84</split:account>
    </trn:split>
  </trn:splits>
</gnc:transaction>
<gnc:transaction version="2.0.0">
  <trn:id type="guid">70ceb2f49e70f1e63236a35e0e7a767d</trn:id>
  <trn:date-posted>
    <ts:date>1996-09-04 00:00:00 -0400</ts:date>
  </trn:date-posted>
  <trn:date-entered>
    <ts:date>2001-03-26 15:43:52 -0500</ts:date>
    <ts:ns>90616000</ts:ns>
  </trn:date-entered>
  <trn:description>Power Co.</trn:description>
  <trn:splits>
    <trn:split>
      <split:id type="guid">28de07198cb3e70d288ed2633dcd3f79</split:id>
      <split:reconciled-state>n</split:reconciled-state>
      <split:value>2527/100</split:value>
      <split:quantity>2527/100</split:quantity>
      <split:account type="guid">92b05cc5070282b02b05e60f161a5882</split:account>
    </trn:split>
    <trn:split>
      <split:id type="guid">dd4b32db4a502a57479113438e199078</split:id>
      <split:reconciled-state>n</split:reconciled-state>
      <split:value>-2527/100</split:value>
      <split:quantity>-2527/100</split:quantity>
      <split:account type="guid">ab52d1a8fbd5883a788d51bd29c77e84</split:account>
    </trn:split>
  </trn:splits>
</gnc:transaction>
<gnc:transaction version="2.0.0">
  <trn:id type="guid">aee715c6258a873cfdc2d1c2aea1e676</trn:id>
  <trn:date-posted>
    <ts:date>1996-09-10 00:00:00 -0400</ts:date>
  </trn:date-posted>
  <trn:date-entered>
    <ts:date>2001-03-26 15:43:52 -0500</ts:date>
    <ts:ns>102595000</ts:ns>
  </trn:date-entered>
  <trn:description>School</trn:description>
  <trn:splits>
    <trn:split>
      <split:id type="guid">91135a80089b21d38f147cb8b25f78ea</split:id>
      <split:reconciled-state>n</split:reconciled-state>
      <split:value>-126961/100</split:value>
      <split:quantity>-126961/100</split:quantity>
      <split:account type="guid">4da6e3f697287c126a6827efd63a0b43</split:account>
    </trn:split>
    <trn:split>
      <split:id type="guid">30b0d3be4277a6e5204e6e981c4d00bf</split:id>
      <split:reconciled-state>n</split:reconciled-state>
      <split:value>126961/100</split:value>
      <split:quantity>126961/100</split:quantity>
      <split:account type="guid">ab52d1a8fbd5883a788d51bd29c77e84</split:account>
    </trn:split>
  </trn:splits>
</gnc:transaction>
<gnc:transaction version="2.0.0">
  <trn:id type="guid">49cf9ca6a884335e0ce5d1231c1be689</trn:id>
  <trn:num>187</trn:num>
  <trn:date-posted>
    <ts:date>1996-09-15 00:00:00 -0400</ts:date>
  </trn:date-posted>
  <trn:date-entered>
    <ts:date>2001-03-26 15:43:52 -0500</ts:date>
    <ts:ns>107417000</ts:ns>
  </trn:date-entered>
  <trn:description>PC</trn:description>
  <trn:splits>
    <trn:split>
      <split:id type="guid">3ee5c9dd00545c02a09f74cc6192afc1</split:id>
      <split:reconciled-state>n</split:reconciled-state>
      <split:value>7634/100</split:value>
      <split:quantity>7634/100</split:quantity>
      <split:account type="guid">9defb6c42135fa2f4036762c8926c8ca</split:account>
    </trn:split>
    <trn:split>
      <split:id type="guid">edb74abf6230454dadb92b452274ae1f</split:id>
      <split:reconciled-state>n</split:reconciled-state>
      <split:value>-7634/100</split:value>
      <split:quantity>-7634/100</split:quantity>
      <split:account type="guid">ab52d1a8fbd5883a788d51bd29c77e84</split:account>
    </trn:split>
  </trn:splits>
</gnc:transaction>
<gnc:transaction version="2.0.0">
  <trn:id type="guid">9c99e5488766cd2379dc81671324346f</trn:id>
  <trn:num>188</trn:num>
  <trn:date-posted>
    <ts:date>1996-09-16 00:00:00 -0400</ts:date>
  </trn:date-posted>
  <trn:date-entered>
    <ts:date>2001-03-26 15:43:52 -0500</ts:date>
    <ts:ns>110405000</ts:ns>
  </trn:date-entered>
  <trn:description>NB</trn:description>
  <trn:splits>
    <trn:split>
      <split:id type="guid">77a0eccf105276f1ddbc5879678cb250</split:id>
      <split:reconciled-state>n</split:reconciled-state>
      <split:value>46931/100</split:value>
      <split:quantity>46931/100</split:quantity>
      <split:account type="guid">5fc1c6a2a79889318f644120ac82c8ee</split:account>
    </trn:split>
    <trn:split>
      <split:id type="guid">302a049f33aeba040546411ffb0d67a8</split:id>
      <split:reconciled-state>n</split:reconciled-state>
      <split:value>-46931/100</split:value>
      <split:quantity>-46931/100</split:quantity>
      <split:account type="guid">ab52d1a8fbd5883a788d51bd29c77e84</split:account>
    </trn:split>
  </trn:splits>
</gnc:transaction>
<gnc:transaction version="2.0.0">
  <trn:id type="guid">f0d8ed10085ef55b0197acea37d57679</trn:id>
  <trn:num>189</trn:num>
  <trn:date-posted>
    <ts:date>1996-09-16 00:00:00 -0400</ts:date>
  </trn:date-posted>
  <trn:date-entered>
    <ts:date>2001-03-26 15:43:52 -0500</ts:date>
    <ts:ns>113406000</ts:ns>
  </trn:date-entered>
  <trn:description>C Master Card</trn:description>
  <trn:splits>
    <trn:split>
      <split:id type="guid">4e591ff66b34c9718b981cf7d19820a5</split:id>
      <split:reconciled-state>n</split:reconciled-state>
      <split:value>43669/100</split:value>
      <split:quantity>43669/100</split:quantity>
      <split:account type="guid">5fc1c6a2a79889318f644120ac82c8ee</split:account>
    </trn:split>
    <trn:split>
      <split:id type="guid">0ecd0e9052c333570096ade6ff26c69f</split:id>
      <split:reconciled-state>n</split:reconciled-state>
      <split:value>-43669/100</split:value>
      <split:quantity>-43669/100</split:quantity>
      <split:account type="guid">ab52d1a8fbd5883a788d51bd29c77e84</split:account>
    </trn:split>
  </trn:splits>
</gnc:transaction>
<gnc:transaction version="2.0.0">
  <trn:id type="guid">5f089311ddc8e4913a6c5263ce497f1a</trn:id>
  <trn:num>190</trn:num>
  <trn:date-posted>
    <ts:date>1996-09-16 00:00:00 -0400</ts:date>
  </trn:date-posted>
  <trn:date-entered>
    <ts:date>2001-03-26 15:43:52 -0500</ts:date>
    <ts:ns>118109000</ts:ns>
  </trn:date-entered>
  <trn:description>Pacific Bell</trn:description>
  <trn:splits>
    <trn:split>
      <split:id type="guid">f8ef84b1165439bd5530fdc6e7b37dc2</split:id>
      <split:reconciled-state>n</split:reconciled-state>
      <split:value>4501/100</split:value>
      <split:quantity>4501/100</split:quantity>
      <split:account type="guid">8d9a8e4928257f0b0aaee042057d8012</split:account>
    </trn:split>
    <trn:split>
      <split:id type="guid">3618dea3cf080d2638eab994236d2333</split:id>
      <split:reconciled-state>n</split:reconciled-state>
      <split:value>-4501/100</split:value>
      <split:quantity>-4501/100</split:quantity>
      <split:account type="guid">ab52d1a8fbd5883a788d51bd29c77e84</split:account>
    </trn:split>
  </trn:splits>
</gnc:transaction>
<gnc:transaction version="2.0.0">
  <trn:id type="guid">bff922ca0aed3f3c703e192a3e3712e3</trn:id>
  <trn:num>191</trn:num>
  <trn:date-posted>
    <ts:date>1996-09-23 00:00:00 -0400</ts:date>
  </trn:date-posted>
  <trn:date-entered>
    <ts:date>2001-03-26 15:43:52 -0500</ts:date>
    <ts:ns>121032000</ts:ns>
  </trn:date-entered>
  <trn:description>School</trn:description>
  <trn:splits>
    <trn:split>
      <split:id type="guid">7265a66d333654e3f9230ffeeb589a41</split:id>
      <split:reconciled-state>n</split:reconciled-state>
      <split:value>12752/100</split:value>
      <split:quantity>12752/100</split:quantity>
      <split:account type="guid">a4267ec85727c7c75d9ddea58f2fd26e</split:account>
    </trn:split>
    <trn:split>
      <split:id type="guid">b518d510590947b7dca855f9e00bcbca</split:id>
      <split:reconciled-state>n</split:reconciled-state>
      <split:value>-12752/100</split:value>
      <split:quantity>-12752/100</split:quantity>
      <split:account type="guid">ab52d1a8fbd5883a788d51bd29c77e84</split:account>
    </trn:split>
  </trn:splits>
</gnc:transaction>
<gnc:transaction version="2.0.0">
  <trn:id type="guid">c67b05f39b0d88876a9dff447c901239</trn:id>
  <trn:num>192</trn:num>
  <trn:date-posted>
    <ts:date>1996-09-26 00:00:00 -0400</ts:date>
  </trn:date-posted>
  <trn:date-entered>
    <ts:date>2001-03-26 15:43:52 -0500</ts:date>
    <ts:ns>127069000</ts:ns>
  </trn:date-entered>
  <trn:description>Kee Wah Bakery</trn:description>
  <trn:splits>
    <trn:split>
      <split:id type="guid">1d6a24bae489a10894924ebd507e3b9b</split:id>
      <split:reconciled-state>n</split:reconciled-state>
      <split:value>20390/100</split:value>
      <split:quantity>20390/100</split:quantity>
      <split:account type="guid">9defb6c42135fa2f4036762c8926c8ca</split:account>
    </trn:split>
    <trn:split>
      <split:id type="guid">800850d9084bbaa4bb2019421598ec93</split:id>
      <split:reconciled-state>n</split:reconciled-state>
      <split:value>-20390/100</split:value>
      <split:quantity>-20390/100</split:quantity>
      <split:account type="guid">ab52d1a8fbd5883a788d51bd29c77e84</split:account>
    </trn:split>
  </trn:splits>
</gnc:transaction>
<gnc:transaction version="2.0.0">
  <trn:id type="guid">4824c739bf872359319ba608c695416a</trn:id>
  <trn:num>193</trn:num>
  <trn:date-posted>
    <ts:date>1996-09-26 00:00:00 -0400</ts:date>
  </trn:date-posted>
  <trn:date-entered>
    <ts:date>2001-03-26 15:43:52 -0500</ts:date>
    <ts:ns>130450000</ts:ns>
  </trn:date-entered>
  <trn:description>Kee Wah Bakery</trn:description>
  <trn:splits>
    <trn:split>
      <split:id type="guid">2fc4610ba04f7f610bb08aa1858a5908</split:id>
      <split:reconciled-state>n</split:reconciled-state>
      <split:value>1960/100</split:value>
      <split:quantity>1960/100</split:quantity>
      <split:account type="guid">9defb6c42135fa2f4036762c8926c8ca</split:account>
    </trn:split>
    <trn:split>
      <split:id type="guid">5ed4f6374ce425584531eb0258e9df7e</split:id>
      <split:reconciled-state>n</split:reconciled-state>
      <split:value>-1960/100</split:value>
      <split:quantity>-1960/100</split:quantity>
      <split:account type="guid">ab52d1a8fbd5883a788d51bd29c77e84</split:account>
    </trn:split>
  </trn:splits>
</gnc:transaction>
<gnc:transaction version="2.0.0">
  <trn:id type="guid">e3f92a6d468672df3fcde0a12f497cb0</trn:id>
  <trn:date-posted>
    <ts:date>1996-09-29 00:00:00 -0400</ts:date>
  </trn:date-posted>
  <trn:date-entered>
    <ts:date>2001-03-26 15:43:52 -0500</ts:date>
    <ts:ns>133402000</ts:ns>
  </trn:date-entered>
  <trn:description>Hu Hua</trn:description>
  <trn:splits>
    <trn:split>
      <split:id type="guid">289e4b367c52afdbdbf504d874ea3d43</split:id>
      <split:reconciled-state>n</split:reconciled-state>
      <split:value>-20390/100</split:value>
      <split:quantity>-20390/100</split:quantity>
      <split:account type="guid">60a59d2467d55241a1f13d5c0c43fa1b</split:account>
    </trn:split>
    <trn:split>
      <split:id type="guid">b5782d3a7f275c14720d65965105bd42</split:id>
      <split:reconciled-state>n</split:reconciled-state>
      <split:value>20390/100</split:value>
      <split:quantity>20390/100</split:quantity>
      <split:account type="guid">ab52d1a8fbd5883a788d51bd29c77e84</split:account>
    </trn:split>
  </trn:splits>
</gnc:transaction>
<gnc:transaction version="2.0.0">
  <trn:id type="guid">8472d78118b6c166cf69fe537b743e9e</trn:id>
  <trn:date-posted>
    <ts:date>1996-09-29 00:00:00 -0400</ts:date>
  </trn:date-posted>
  <trn:date-entered>
    <ts:date>2001-03-26 15:43:52 -0500</ts:date>
    <ts:ns>136960000</ts:ns>
  </trn:date-entered>
  <trn:description>Boss1</trn:description>
  <trn:splits>
    <trn:split>
      <split:id type="guid">20ab1fe2d5395d7cbd20bb2e6535a639</split:id>
      <split:reconciled-state>n</split:reconciled-state>
      <split:value>-1940/100</split:value>
      <split:quantity>-1940/100</split:quantity>
      <split:account type="guid">60a59d2467d55241a1f13d5c0c43fa1b</split:account>
    </trn:split>
    <trn:split>
      <split:id type="guid">c3a9d7a262e2e69d97fc2ba625f38294</split:id>
      <split:reconciled-state>n</split:reconciled-state>
      <split:value>1940/100</split:value>
      <split:quantity>1940/100</split:quantity>
      <split:account type="guid">ab52d1a8fbd5883a788d51bd29c77e84</split:account>
    </trn:split>
  </trn:splits>
</gnc:transaction>
<gnc:transaction version="2.0.0">
  <trn:id type="guid">6768c49020d91663385416514abb5a29</trn:id>
  <trn:date-posted>
    <ts:date>1996-09-29 00:00:00 -0400</ts:date>
  </trn:date-posted>
  <trn:date-entered>
    <ts:date>2001-03-26 15:43:52 -0500</ts:date>
    <ts:ns>139863000</ts:ns>
  </trn:date-entered>
  <trn:description>P.C.C.</trn:description>
  <trn:splits>
    <trn:split>
      <split:id type="guid">bfbbf149128a97330a37222423cb899f</split:id>
      <split:reconciled-state>n</split:reconciled-state>
      <split:value>-3400/100</split:value>
      <split:quantity>-3400/100</split:quantity>
      <split:account type="guid">c1c71598e096d9ab5565f096db36ed59</split:account>
    </trn:split>
    <trn:split>
      <split:id type="guid">e356c4030969d7d9f49d4fc8f400ddbb</split:id>
      <split:reconciled-state>n</split:reconciled-state>
      <split:value>3400/100</split:value>
      <split:quantity>3400/100</split:quantity>
      <split:account type="guid">ab52d1a8fbd5883a788d51bd29c77e84</split:account>
    </trn:split>
  </trn:splits>
</gnc:transaction>
<gnc:transaction version="2.0.0">
  <trn:id type="guid">c090f8894aa77a52dc8e13694171945b</trn:id>
  <trn:date-posted>
    <ts:date>1996-09-29 00:00:00 -0400</ts:date>
  </trn:date-posted>
  <trn:date-entered>
    <ts:date>2001-03-26 15:43:52 -0500</ts:date>
    <ts:ns>142788000</ts:ns>
  </trn:date-entered>
  <trn:description>Cash</trn:description>
  <trn:splits>
    <trn:split>
      <split:id type="guid">8ceba475904e6408eacc526bc8a805b2</split:id>
      <split:reconciled-state>n</split:reconciled-state>
      <split:value>10000/100</split:value>
      <split:quantity>10000/100</split:quantity>
      <split:account type="guid">9defb6c42135fa2f4036762c8926c8ca</split:account>
    </trn:split>
    <trn:split>
      <split:id type="guid">5fc3101e7c85e6f45ff79c3ee8e7cc57</split:id>
      <split:reconciled-state>n</split:reconciled-state>
      <split:value>-10000/100</split:value>
      <split:quantity>-10000/100</split:quantity>
      <split:account type="guid">ab52d1a8fbd5883a788d51bd29c77e84</split:account>
    </trn:split>
  </trn:splits>
</gnc:transaction>
<gnc:transaction version="2.0.0">
  <trn:id type="guid">f24e857adf2c300ec2fc0a6bfd471b4b</trn:id>
  <trn:num>194</trn:num>
  <trn:date-posted>
    <ts:date>1996-10-01 00:00:00 -0400</ts:date>
  </trn:date-posted>
  <trn:date-entered>
    <ts:date>2001-03-26 15:43:52 -0500</ts:date>
    <ts:ns>157064000</ts:ns>
  </trn:date-entered>
  <trn:description>Landlord</trn:description>
  <trn:splits>
    <trn:split>
      <split:id type="guid">1d2c6bea76b55b72743c7942e15748dd</split:id>
      <split:reconciled-state>n</split:reconciled-state>
      <split:value>52500/100</split:value>
      <split:quantity>52500/100</split:quantity>
      <split:account type="guid">329b2c5196efdaf54e1321e05b9f0875</split:account>
    </trn:split>
    <trn:split>
      <split:id type="guid">5939456ac77860e7517eab84767d547c</split:id>
      <split:reconciled-state>n</split:reconciled-state>
      <split:value>-52500/100</split:value>
      <split:quantity>-52500/100</split:quantity>
      <split:account type="guid">ab52d1a8fbd5883a788d51bd29c77e84</split:account>
    </trn:split>
  </trn:splits>
</gnc:transaction>
<gnc:transaction version="2.0.0">
  <trn:id type="guid">ea831858a646fbfd30ac1c26f5660a75</trn:id>
  <trn:date-posted>
    <ts:date>1996-10-02 00:00:00 -0400</ts:date>
  </trn:date-posted>
  <trn:date-entered>
    <ts:date>2001-03-26 15:43:52 -0500</ts:date>
    <ts:ns>160041000</ts:ns>
  </trn:date-entered>
  <trn:description>Boss1</trn:description>
  <trn:splits>
    <trn:split>
      <split:id type="guid">7dafb77d16742e8ec70bfedfadbb5ac7</split:id>
      <split:reconciled-state>n</split:reconciled-state>
      <split:value>-198587/100</split:value>
      <split:quantity>-198587/100</split:quantity>
      <split:account type="guid">4da6e3f697287c126a6827efd63a0b43</split:account>
    </trn:split>
    <trn:split>
      <split:id type="guid">a4dad6e5b4d7b7a48ee3319a8b87a6bd</split:id>
      <split:reconciled-state>n</split:reconciled-state>
      <split:value>198587/100</split:value>
      <split:quantity>198587/100</split:quantity>
      <split:account type="guid">ab52d1a8fbd5883a788d51bd29c77e84</split:account>
    </trn:split>
  </trn:splits>
</gnc:transaction>
<gnc:transaction version="2.0.0">
  <trn:id type="guid">0f46c494d2d5c28667891e8b5b3aae03</trn:id>
  <trn:date-posted>
    <ts:date>1996-10-04 00:00:00 -0400</ts:date>
  </trn:date-posted>
  <trn:date-entered>
    <ts:date>2001-03-26 15:43:52 -0500</ts:date>
    <ts:ns>163102000</ts:ns>
  </trn:date-entered>
  <trn:description>Power Co.</trn:description>
  <trn:splits>
    <trn:split>
      <split:id type="guid">d329627161d9ffef215338597fc875bd</split:id>
      <split:reconciled-state>n</split:reconciled-state>
      <split:value>1669/100</split:value>
      <split:quantity>1669/100</split:quantity>
      <split:account type="guid">92b05cc5070282b02b05e60f161a5882</split:account>
    </trn:split>
    <trn:split>
      <split:id type="guid">58277610dd60c0676e1c52da642cb179</split:id>
      <split:reconciled-state>n</split:reconciled-state>
      <split:value>-1669/100</split:value>
      <split:quantity>-1669/100</split:quantity>
      <split:account type="guid">ab52d1a8fbd5883a788d51bd29c77e84</split:account>
    </trn:split>
  </trn:splits>
</gnc:transaction>
<gnc:transaction version="2.0.0">
  <trn:id type="guid">55109167f9720f30949f0b41af58402e</trn:id>
  <trn:num>195</trn:num>
  <trn:date-posted>
    <ts:date>1996-10-07 00:00:00 -0400</ts:date>
  </trn:date-posted>
  <trn:date-entered>
    <ts:date>2001-03-26 15:43:52 -0500</ts:date>
    <ts:ns>166726000</ts:ns>
  </trn:date-entered>
  <trn:description>Pacific Bell</trn:description>
  <trn:splits>
    <trn:split>
      <split:id type="guid">caeec50fdf0ac900492f938c99d1f684</split:id>
      <split:reconciled-state>n</split:reconciled-state>
      <split:value>1695/100</split:value>
      <split:quantity>1695/100</split:quantity>
      <split:account type="guid">8d9a8e4928257f0b0aaee042057d8012</split:account>
    </trn:split>
    <trn:split>
      <split:id type="guid">64c9a1802eb024cd781ab556341d0408</split:id>
      <split:reconciled-state>n</split:reconciled-state>
      <split:value>-1695/100</split:value>
      <split:quantity>-1695/100</split:quantity>
      <split:account type="guid">ab52d1a8fbd5883a788d51bd29c77e84</split:account>
    </trn:split>
  </trn:splits>
</gnc:transaction>
<gnc:transaction version="2.0.0">
  <trn:id type="guid">06a3e8a15917dd0a209edf3970eb17bb</trn:id>
  <trn:num>196</trn:num>
  <trn:date-posted>
    <ts:date>1996-10-07 00:00:00 -0400</ts:date>
  </trn:date-posted>
  <trn:date-entered>
    <ts:date>2001-03-26 15:43:52 -0500</ts:date>
    <ts:ns>169711000</ts:ns>
  </trn:date-entered>
  <trn:description>Pacific Bell</trn:description>
  <trn:splits>
    <trn:split>
      <split:id type="guid">f1c8ab31ae210a41ce1ee0e6421f7d6f</split:id>
      <split:reconciled-state>n</split:reconciled-state>
      <split:value>4767/100</split:value>
      <split:quantity>4767/100</split:quantity>
      <split:account type="guid">8d9a8e4928257f0b0aaee042057d8012</split:account>
    </trn:split>
    <trn:split>
      <split:id type="guid">1384118d400086db358a825c11a51bab</split:id>
      <split:reconciled-state>n</split:reconciled-state>
      <split:value>-4767/100</split:value>
      <split:quantity>-4767/100</split:quantity>
      <split:account type="guid">ab52d1a8fbd5883a788d51bd29c77e84</split:account>
    </trn:split>
  </trn:splits>
</gnc:transaction>
<gnc:transaction version="2.0.0">
  <trn:id type="guid">390c3d2084ff725aa1ff2b7c8bd49823</trn:id>
  <trn:num>197</trn:num>
  <trn:date-posted>
    <ts:date>1996-10-07 00:00:00 -0400</ts:date>
  </trn:date-posted>
  <trn:date-entered>
    <ts:date>2001-03-26 15:43:52 -0500</ts:date>
    <ts:ns>172709000</ts:ns>
  </trn:date-entered>
  <trn:description>LDPC</trn:description>
  <trn:splits>
    <trn:split>
      <split:id type="guid">02e0691aae750245f646e7ccc14d33b1</split:id>
      <split:reconciled-state>n</split:reconciled-state>
      <split:value>6539/100</split:value>
      <split:quantity>6539/100</split:quantity>
      <split:account type="guid">8d9a8e4928257f0b0aaee042057d8012</split:account>
    </trn:split>
    <trn:split>
      <split:id type="guid">a6f8fd0e4b7110b6b792030281b0cd81</split:id>
      <split:reconciled-state>n</split:reconciled-state>
      <split:value>-6539/100</split:value>
      <split:quantity>-6539/100</split:quantity>
      <split:account type="guid">ab52d1a8fbd5883a788d51bd29c77e84</split:account>
    </trn:split>
  </trn:splits>
</gnc:transaction>
<gnc:transaction version="2.0.0">
  <trn:id type="guid">028942913d7e42ff6ff232c95fcf356c</trn:id>
  <trn:date-posted>
    <ts:date>1996-10-10 00:00:00 -0400</ts:date>
  </trn:date-posted>
  <trn:date-entered>
    <ts:date>2001-03-26 15:43:52 -0500</ts:date>
    <ts:ns>176912000</ts:ns>
  </trn:date-entered>
  <trn:description>School</trn:description>
  <trn:splits>
    <trn:split>
      <split:id type="guid">f59469b91a4472689dbab9fe0acbd544</split:id>
      <split:reconciled-state>n</split:reconciled-state>
      <split:value>-131659/100</split:value>
      <split:quantity>-131659/100</split:quantity>
      <split:account type="guid">4da6e3f697287c126a6827efd63a0b43</split:account>
    </trn:split>
    <trn:split>
      <split:id type="guid">ea5e693d96e460cb3d6c2b280cf660e0</split:id>
      <split:reconciled-state>n</split:reconciled-state>
      <split:value>131659/100</split:value>
      <split:quantity>131659/100</split:quantity>
      <split:account type="guid">ab52d1a8fbd5883a788d51bd29c77e84</split:account>
    </trn:split>
  </trn:splits>
</gnc:transaction>
<gnc:transaction version="2.0.0">
  <trn:id type="guid">5eaf034dc351b4dd4f058a87c9fa5446</trn:id>
  <trn:num>198</trn:num>
  <trn:date-posted>
    <ts:date>1996-10-21 00:00:00 -0400</ts:date>
  </trn:date-posted>
  <trn:date-entered>
    <ts:date>2001-03-26 15:43:52 -0500</ts:date>
    <ts:ns>182862000</ts:ns>
  </trn:date-entered>
  <trn:description>C Master Card</trn:description>
  <trn:splits>
    <trn:split>
      <split:id type="guid">90462fea92a00597f1b6fd8719517faf</split:id>
      <split:reconciled-state>n</split:reconciled-state>
      <split:value>390248/100</split:value>
      <split:quantity>390248/100</split:quantity>
      <split:account type="guid">5fc1c6a2a79889318f644120ac82c8ee</split:account>
    </trn:split>
    <trn:split>
      <split:id type="guid">e1d996aeb05b8a6087c78996abdc2063</split:id>
      <split:reconciled-state>n</split:reconciled-state>
      <split:value>-390248/100</split:value>
      <split:quantity>-390248/100</split:quantity>
      <split:account type="guid">ab52d1a8fbd5883a788d51bd29c77e84</split:account>
    </trn:split>
  </trn:splits>
</gnc:transaction>
<gnc:transaction version="2.0.0">
  <trn:id type="guid">045353a65a2fea445b68d7731cbb865c</trn:id>
  <trn:num>199</trn:num>
  <trn:date-posted>
    <ts:date>1996-10-21 00:00:00 -0400</ts:date>
  </trn:date-posted>
  <trn:date-entered>
    <ts:date>2001-03-26 15:43:52 -0500</ts:date>
    <ts:ns>189657000</ts:ns>
  </trn:date-entered>
  <trn:description>NB</trn:description>
  <trn:splits>
    <trn:split>
      <split:id type="guid">a93e2f904693d658059b506a9e37dd39</split:id>
      <split:reconciled-state>n</split:reconciled-state>
      <split:value>93332/100</split:value>
      <split:quantity>93332/100</split:quantity>
      <split:account type="guid">5fc1c6a2a79889318f644120ac82c8ee</split:account>
    </trn:split>
    <trn:split>
      <split:id type="guid">7bd52aaadf619d2e715a68c25a76a015</split:id>
      <split:reconciled-state>n</split:reconciled-state>
      <split:value>-93332/100</split:value>
      <split:quantity>-93332/100</split:quantity>
      <split:account type="guid">ab52d1a8fbd5883a788d51bd29c77e84</split:account>
    </trn:split>
  </trn:splits>
</gnc:transaction>
<gnc:transaction version="2.0.0">
  <trn:id type="guid">0d2c90ff9131b7339f2ea90dba7e0fdd</trn:id>
  <trn:num>200</trn:num>
  <trn:date-posted>
    <ts:date>1996-10-21 00:00:00 -0400</ts:date>
  </trn:date-posted>
  <trn:date-entered>
    <ts:date>2001-03-26 15:43:52 -0500</ts:date>
    <ts:ns>193487000</ts:ns>
  </trn:date-entered>
  <trn:description>PC</trn:description>
  <trn:splits>
    <trn:split>
      <split:id type="guid">89f54bb006a41cdde83b02a66eb0955d</split:id>
      <split:reconciled-state>n</split:reconciled-state>
      <split:value>5439/100</split:value>
      <split:quantity>5439/100</split:quantity>
      <split:account type="guid">5fc1c6a2a79889318f644120ac82c8ee</split:account>
    </trn:split>
    <trn:split>
      <split:id type="guid">e89b46fe95d912dc110d300c757e37c9</split:id>
      <split:reconciled-state>n</split:reconciled-state>
      <split:value>-5439/100</split:value>
      <split:quantity>-5439/100</split:quantity>
      <split:account type="guid">ab52d1a8fbd5883a788d51bd29c77e84</split:account>
    </trn:split>
  </trn:splits>
</gnc:transaction>
<gnc:transaction version="2.0.0">
  <trn:id type="guid">075a3d055c5a19d250b2fc815e93d0f8</trn:id>
  <trn:date-posted>
    <ts:date>1996-10-22 00:00:00 -0400</ts:date>
  </trn:date-posted>
  <trn:date-entered>
    <ts:date>2001-03-26 15:43:52 -0500</ts:date>
    <ts:ns>203573000</ts:ns>
  </trn:date-entered>
  <trn:description>C</trn:description>
  <trn:splits>
    <trn:split>
      <split:id type="guid">4a0fe281a6ad2c98e4f7794e29f6d845</split:id>
      <split:reconciled-state>n</split:reconciled-state>
      <split:value>-10274/100</split:value>
      <split:quantity>-10274/100</split:quantity>
      <split:account type="guid">4ac81d62b599798f057b2dd83a5d89fb</split:account>
    </trn:split>
    <trn:split>
      <split:id type="guid">f43f96b4b1f961caa770a30b9f05386d</split:id>
      <split:reconciled-state>n</split:reconciled-state>
      <split:value>10274/100</split:value>
      <split:quantity>10274/100</split:quantity>
      <split:account type="guid">ab52d1a8fbd5883a788d51bd29c77e84</split:account>
    </trn:split>
  </trn:splits>
</gnc:transaction>
<gnc:transaction version="2.0.0">
  <trn:id type="guid">d3258cd7b6654058cec8c19d03a36b97</trn:id>
  <trn:num>201</trn:num>
  <trn:date-posted>
    <ts:date>1996-10-27 00:00:00 -0400</ts:date>
  </trn:date-posted>
  <trn:date-entered>
    <ts:date>2001-03-26 15:43:52 -0500</ts:date>
    <ts:ns>208776000</ts:ns>
  </trn:date-entered>
  <trn:description>Toy&apos;s R Us Visa Gold</trn:description>
  <trn:splits>
    <trn:split>
      <split:id type="guid">1df209cc21266e6ef778abf511de040b</split:id>
      <split:reconciled-state>n</split:reconciled-state>
      <split:value>6429/100</split:value>
      <split:quantity>6429/100</split:quantity>
      <split:account type="guid">5fc1c6a2a79889318f644120ac82c8ee</split:account>
    </trn:split>
    <trn:split>
      <split:id type="guid">ef8efe3a4e752793c9656e4beb319c22</split:id>
      <split:reconciled-state>n</split:reconciled-state>
      <split:value>-6429/100</split:value>
      <split:quantity>-6429/100</split:quantity>
      <split:account type="guid">ab52d1a8fbd5883a788d51bd29c77e84</split:account>
    </trn:split>
  </trn:splits>
</gnc:transaction>
<gnc:transaction version="2.0.0">
  <trn:id type="guid">211873214242b01249c21b7093693276</trn:id>
  <trn:date-posted>
    <ts:date>1996-10-31 00:00:00 -0500</ts:date>
  </trn:date-posted>
  <trn:date-entered>
    <ts:date>2001-03-26 15:43:52 -0500</ts:date>
    <ts:ns>211814000</ts:ns>
  </trn:date-entered>
  <trn:description>Boss1</trn:description>
  <trn:splits>
    <trn:split>
      <split:id type="guid">716866b02b905107510a68b5a0c39706</split:id>
      <split:reconciled-state>n</split:reconciled-state>
      <split:value>-367026/100</split:value>
      <split:quantity>-367026/100</split:quantity>
      <split:account type="guid">60a59d2467d55241a1f13d5c0c43fa1b</split:account>
    </trn:split>
    <trn:split>
      <split:id type="guid">2118745900c6efb76728839883999e61</split:id>
      <split:reconciled-state>n</split:reconciled-state>
      <split:value>367026/100</split:value>
      <split:quantity>367026/100</split:quantity>
      <split:account type="guid">ab52d1a8fbd5883a788d51bd29c77e84</split:account>
    </trn:split>
  </trn:splits>
</gnc:transaction>
<gnc:transaction version="2.0.0">
  <trn:id type="guid">10f28276e75237e2cb00398ae84d5227</trn:id>
  <trn:date-posted>
    <ts:date>1996-10-31 00:00:00 -0500</ts:date>
  </trn:date-posted>
  <trn:date-entered>
    <ts:date>2001-03-26 15:43:52 -0500</ts:date>
    <ts:ns>216936000</ts:ns>
  </trn:date-entered>
  <trn:description>Cash</trn:description>
  <trn:splits>
    <trn:split>
      <split:id type="guid">f1003c9c0bfdad7ac36ef56681911874</split:id>
      <split:reconciled-state>n</split:reconciled-state>
      <split:value>4000/100</split:value>
      <split:quantity>4000/100</split:quantity>
      <split:account type="guid">9defb6c42135fa2f4036762c8926c8ca</split:account>
    </trn:split>
    <trn:split>
      <split:id type="guid">d61f0c0895f2fa3f739566e42c005525</split:id>
      <split:reconciled-state>n</split:reconciled-state>
      <split:value>-4000/100</split:value>
      <split:quantity>-4000/100</split:quantity>
      <split:account type="guid">ab52d1a8fbd5883a788d51bd29c77e84</split:account>
    </trn:split>
  </trn:splits>
</gnc:transaction>
<gnc:transaction version="2.0.0">
  <trn:id type="guid">90a9cac6a5ba376fbb14d7badb07af77</trn:id>
  <trn:date-posted>
    <ts:date>1996-10-31 00:00:00 -0500</ts:date>
  </trn:date-posted>
  <trn:date-entered>
    <ts:date>2001-03-26 15:43:52 -0500</ts:date>
    <ts:ns>219998000</ts:ns>
  </trn:date-entered>
  <trn:description>Boss1</trn:description>
  <trn:splits>
    <trn:split>
      <split:id type="guid">0b3bb158c93b4c5692cc820fd3ddc962</split:id>
      <split:reconciled-state>n</split:reconciled-state>
      <split:value>-198587/100</split:value>
      <split:quantity>-198587/100</split:quantity>
      <split:account type="guid">4da6e3f697287c126a6827efd63a0b43</split:account>
    </trn:split>
    <trn:split>
      <split:id type="guid">9b5ad86d21c963daf81893d1a415520a</split:id>
      <split:reconciled-state>n</split:reconciled-state>
      <split:value>198587/100</split:value>
      <split:quantity>198587/100</split:quantity>
      <split:account type="guid">ab52d1a8fbd5883a788d51bd29c77e84</split:account>
    </trn:split>
  </trn:splits>
</gnc:transaction>
<gnc:transaction version="2.0.0">
  <trn:id type="guid">ba8ccc56708da2a1d3277b282ea0d730</trn:id>
  <trn:num>202</trn:num>
  <trn:date-posted>
    <ts:date>1996-11-01 00:00:00 -0500</ts:date>
  </trn:date-posted>
  <trn:date-entered>
    <ts:date>2001-03-26 15:43:52 -0500</ts:date>
    <ts:ns>223390000</ts:ns>
  </trn:date-entered>
  <trn:description>Landlord</trn:description>
  <trn:splits>
    <trn:split>
      <split:id type="guid">5c8743233c7246aa40b0be9ae63c6b4f</split:id>
      <split:reconciled-state>n</split:reconciled-state>
      <split:value>52500/100</split:value>
      <split:quantity>52500/100</split:quantity>
      <split:account type="guid">329b2c5196efdaf54e1321e05b9f0875</split:account>
    </trn:split>
    <trn:split>
      <split:id type="guid">c3a12fee64dfa92d0c21c7489b7b442e</split:id>
      <split:reconciled-state>n</split:reconciled-state>
      <split:value>-52500/100</split:value>
      <split:quantity>-52500/100</split:quantity>
      <split:account type="guid">ab52d1a8fbd5883a788d51bd29c77e84</split:account>
    </trn:split>
  </trn:splits>
</gnc:transaction>
<gnc:transaction version="2.0.0">
  <trn:id type="guid">a61aa7f2fc9f20c68c102d3d7012d371</trn:id>
  <trn:num>203</trn:num>
  <trn:date-posted>
    <ts:date>1996-11-06 00:00:00 -0500</ts:date>
  </trn:date-posted>
  <trn:date-entered>
    <ts:date>2001-03-26 15:43:52 -0500</ts:date>
    <ts:ns>228139000</ts:ns>
  </trn:date-entered>
  <trn:description>LDPC</trn:description>
  <trn:splits>
    <trn:split>
      <split:id type="guid">40ab915b5dad63e6e24121eba8ecfe78</split:id>
      <split:reconciled-state>n</split:reconciled-state>
      <split:value>3694/100</split:value>
      <split:quantity>3694/100</split:quantity>
      <split:account type="guid">8d9a8e4928257f0b0aaee042057d8012</split:account>
    </trn:split>
    <trn:split>
      <split:id type="guid">3427381a9f22c0992587734b5f4f961c</split:id>
      <split:reconciled-state>n</split:reconciled-state>
      <split:value>-3694/100</split:value>
      <split:quantity>-3694/100</split:quantity>
      <split:account type="guid">ab52d1a8fbd5883a788d51bd29c77e84</split:account>
    </trn:split>
  </trn:splits>
</gnc:transaction>
<gnc:transaction version="2.0.0">
  <trn:id type="guid">e568fc0fe1000690216f486e0eb0e167</trn:id>
  <trn:num>204</trn:num>
  <trn:date-posted>
    <ts:date>1996-11-06 00:00:00 -0500</ts:date>
  </trn:date-posted>
  <trn:date-entered>
    <ts:date>2001-03-26 15:43:52 -0500</ts:date>
    <ts:ns>231184000</ts:ns>
  </trn:date-entered>
  <trn:description>Pacific Bell</trn:description>
  <trn:splits>
    <trn:split>
      <split:id type="guid">97c865d4503ebbd5c4870f861170ea27</split:id>
      <split:reconciled-state>n</split:reconciled-state>
      <split:value>2240/100</split:value>
      <split:quantity>2240/100</split:quantity>
      <split:account type="guid">8d9a8e4928257f0b0aaee042057d8012</split:account>
    </trn:split>
    <trn:split>
      <split:id type="guid">173a805df8d8144ed13d8cee5fb98d5b</split:id>
      <split:reconciled-state>n</split:reconciled-state>
      <split:value>-2240/100</split:value>
      <split:quantity>-2240/100</split:quantity>
      <split:account type="guid">ab52d1a8fbd5883a788d51bd29c77e84</split:account>
    </trn:split>
  </trn:splits>
</gnc:transaction>
<gnc:transaction version="2.0.0">
  <trn:id type="guid">eaf44ab64ceb89862135424dfde362a7</trn:id>
  <trn:date-posted>
    <ts:date>1996-11-10 00:00:00 -0500</ts:date>
  </trn:date-posted>
  <trn:date-entered>
    <ts:date>2001-03-26 15:43:52 -0500</ts:date>
    <ts:ns>236009000</ts:ns>
  </trn:date-entered>
  <trn:description>School</trn:description>
  <trn:splits>
    <trn:split>
      <split:id type="guid">b8520374babec2dafa33df01cf8f2af4</split:id>
      <split:reconciled-state>n</split:reconciled-state>
      <split:value>-131659/100</split:value>
      <split:quantity>-131659/100</split:quantity>
      <split:account type="guid">4da6e3f697287c126a6827efd63a0b43</split:account>
    </trn:split>
    <trn:split>
      <split:id type="guid">d4a4e6eeb45a06bf6f03958e984c783c</split:id>
      <split:reconciled-state>n</split:reconciled-state>
      <split:value>131659/100</split:value>
      <split:quantity>131659/100</split:quantity>
      <split:account type="guid">ab52d1a8fbd5883a788d51bd29c77e84</split:account>
    </trn:split>
  </trn:splits>
</gnc:transaction>
<gnc:transaction version="2.0.0">
  <trn:id type="guid">10c95f9b37a2a157b3fdde06135dfd6d</trn:id>
  <trn:date-posted>
    <ts:date>1996-11-12 00:00:00 -0500</ts:date>
  </trn:date-posted>
  <trn:date-entered>
    <ts:date>2001-03-26 15:43:52 -0500</ts:date>
    <ts:ns>239094000</ts:ns>
  </trn:date-entered>
  <trn:description>WJ</trn:description>
  <trn:splits>
    <trn:split>
      <split:id type="guid">13b195a4500340075cb64a33f5adc7ec</split:id>
      <split:reconciled-state>n</split:reconciled-state>
      <split:value>-4871/100</split:value>
      <split:quantity>-4871/100</split:quantity>
      <split:account type="guid">c1c71598e096d9ab5565f096db36ed59</split:account>
    </trn:split>
    <trn:split>
      <split:id type="guid">7b938311efc917932c2bb4a10a2d9ae9</split:id>
      <split:reconciled-state>n</split:reconciled-state>
      <split:value>4871/100</split:value>
      <split:quantity>4871/100</split:quantity>
      <split:account type="guid">ab52d1a8fbd5883a788d51bd29c77e84</split:account>
    </trn:split>
  </trn:splits>
</gnc:transaction>
<gnc:transaction version="2.0.0">
  <trn:id type="guid">c38e23bfce5f0b316365600f168fbfa4</trn:id>
  <trn:num>205</trn:num>
  <trn:date-posted>
    <ts:date>1996-11-12 00:00:00 -0500</ts:date>
  </trn:date-posted>
  <trn:date-entered>
    <ts:date>2001-03-26 15:43:52 -0500</ts:date>
    <ts:ns>242110000</ts:ns>
  </trn:date-entered>
  <trn:description>Pacific Bell</trn:description>
  <trn:splits>
    <trn:split>
      <split:id type="guid">e6438748dcfc86ebe3bc89d2fef4b45d</split:id>
      <split:reconciled-state>n</split:reconciled-state>
      <split:value>2458/100</split:value>
      <split:quantity>2458/100</split:quantity>
      <split:account type="guid">8d9a8e4928257f0b0aaee042057d8012</split:account>
    </trn:split>
    <trn:split>
      <split:id type="guid">69364fc792a6aa5659dfa558d04de110</split:id>
      <split:reconciled-state>n</split:reconciled-state>
      <split:value>-2458/100</split:value>
      <split:quantity>-2458/100</split:quantity>
      <split:account type="guid">ab52d1a8fbd5883a788d51bd29c77e84</split:account>
    </trn:split>
  </trn:splits>
</gnc:transaction>
<gnc:transaction version="2.0.0">
  <trn:id type="guid">8774e37edb882e0dbc9f374b14fd442b</trn:id>
  <trn:num>206</trn:num>
  <trn:date-posted>
    <ts:date>1996-11-14 00:00:00 -0500</ts:date>
  </trn:date-posted>
  <trn:date-entered>
    <ts:date>2001-03-26 15:43:52 -0500</ts:date>
    <ts:ns>254863000</ts:ns>
  </trn:date-entered>
  <trn:description>C Master Card</trn:description>
  <trn:splits>
    <trn:split>
      <split:id type="guid">301ae34776ad43f07b03fc385630c40a</split:id>
      <split:reconciled-state>n</split:reconciled-state>
      <split:value>293757/100</split:value>
      <split:quantity>293757/100</split:quantity>
      <split:account type="guid">5fc1c6a2a79889318f644120ac82c8ee</split:account>
    </trn:split>
    <trn:split>
      <split:id type="guid">2e550baf1c4c77b89026df5450f411d6</split:id>
      <split:reconciled-state>n</split:reconciled-state>
      <split:value>-293757/100</split:value>
      <split:quantity>-293757/100</split:quantity>
      <split:account type="guid">ab52d1a8fbd5883a788d51bd29c77e84</split:account>
    </trn:split>
  </trn:splits>
</gnc:transaction>
<gnc:transaction version="2.0.0">
  <trn:id type="guid">44746f72a1d18b7d8e347f05334dcb06</trn:id>
  <trn:num>207</trn:num>
  <trn:date-posted>
    <ts:date>1996-11-14 00:00:00 -0500</ts:date>
  </trn:date-posted>
  <trn:date-entered>
    <ts:date>2001-03-26 15:43:52 -0500</ts:date>
    <ts:ns>258436000</ts:ns>
  </trn:date-entered>
  <trn:description>NB</trn:description>
  <trn:splits>
    <trn:split>
      <split:id type="guid">5c1f6a10946a7a743fa109c8005e917e</split:id>
      <split:reconciled-state>n</split:reconciled-state>
      <split:value>224262/100</split:value>
      <split:quantity>224262/100</split:quantity>
      <split:account type="guid">5fc1c6a2a79889318f644120ac82c8ee</split:account>
    </trn:split>
    <trn:split>
      <split:id type="guid">d05288968192893abd8e6d6dd96773e3</split:id>
      <split:reconciled-state>n</split:reconciled-state>
      <split:value>-224262/100</split:value>
      <split:quantity>-224262/100</split:quantity>
      <split:account type="guid">ab52d1a8fbd5883a788d51bd29c77e84</split:account>
    </trn:split>
  </trn:splits>
</gnc:transaction>
<gnc:transaction version="2.0.0">
  <trn:id type="guid">1d11f77fe74c64792acb879671959277</trn:id>
  <trn:date-posted>
    <ts:date>1996-11-18 00:00:00 -0500</ts:date>
  </trn:date-posted>
  <trn:date-entered>
    <ts:date>2001-03-26 15:43:52 -0500</ts:date>
    <ts:ns>261793000</ts:ns>
  </trn:date-entered>
  <trn:description>Boss1</trn:description>
  <trn:splits>
    <trn:split>
      <split:id type="guid">440dc39c2bbda8681247c40c0eda008f</split:id>
      <split:reconciled-state>n</split:reconciled-state>
      <split:value>-7425/100</split:value>
      <split:quantity>-7425/100</split:quantity>
      <split:account type="guid">60a59d2467d55241a1f13d5c0c43fa1b</split:account>
    </trn:split>
    <trn:split>
      <split:id type="guid">13a069abbbe2c301743bb003b9c99ebe</split:id>
      <split:reconciled-state>n</split:reconciled-state>
      <split:value>7425/100</split:value>
      <split:quantity>7425/100</split:quantity>
      <split:account type="guid">ab52d1a8fbd5883a788d51bd29c77e84</split:account>
    </trn:split>
  </trn:splits>
</gnc:transaction>
<gnc:transaction version="2.0.0">
  <trn:id type="guid">72fe28cb0d3fa73686b006be0507d841</trn:id>
  <trn:date-posted>
    <ts:date>1996-11-18 00:00:00 -0500</ts:date>
  </trn:date-posted>
  <trn:date-entered>
    <ts:date>2001-03-26 15:43:52 -0500</ts:date>
    <ts:ns>269089000</ts:ns>
  </trn:date-entered>
  <trn:description>Cash</trn:description>
  <trn:splits>
    <trn:split>
      <split:id type="guid">664f54a6f8bb41e64fa406847dc4fb8f</split:id>
      <split:reconciled-state>n</split:reconciled-state>
      <split:value>8000/100</split:value>
      <split:quantity>8000/100</split:quantity>
      <split:account type="guid">9defb6c42135fa2f4036762c8926c8ca</split:account>
    </trn:split>
    <trn:split>
      <split:id type="guid">a7b6a75a9e3662c19eb1261bf319ccfb</split:id>
      <split:reconciled-state>n</split:reconciled-state>
      <split:value>-8000/100</split:value>
      <split:quantity>-8000/100</split:quantity>
      <split:account type="guid">ab52d1a8fbd5883a788d51bd29c77e84</split:account>
    </trn:split>
  </trn:splits>
</gnc:transaction>
<gnc:transaction version="2.0.0">
  <trn:id type="guid">5a6f3ff081b65f129e7ce37f0f2e536b</trn:id>
  <trn:num>209</trn:num>
  <trn:date-posted>
    <ts:date>1996-11-18 00:00:00 -0500</ts:date>
  </trn:date-posted>
  <trn:date-entered>
    <ts:date>2001-03-26 15:43:52 -0500</ts:date>
    <ts:ns>272213000</ts:ns>
  </trn:date-entered>
  <trn:description>LJ</trn:description>
  <trn:splits>
    <trn:split>
      <split:id type="guid">89e53ce98ce18255bb252c7bef22678b</split:id>
      <split:reconciled-state>n</split:reconciled-state>
      <split:value>38018/100</split:value>
      <split:quantity>38018/100</split:quantity>
      <split:account type="guid">246d4bbc03fd4ebfc817afda54011ebc</split:account>
    </trn:split>
    <trn:split>
      <split:id type="guid">f61d94640c5667a82f3ee4f3ec3235e9</split:id>
      <split:reconciled-state>n</split:reconciled-state>
      <split:value>-38018/100</split:value>
      <split:quantity>-38018/100</split:quantity>
      <split:account type="guid">ab52d1a8fbd5883a788d51bd29c77e84</split:account>
    </trn:split>
  </trn:splits>
</gnc:transaction>
<gnc:transaction version="2.0.0">
  <trn:id type="guid">889c788cba4bc237410effe38a6e31d5</trn:id>
  <trn:num>210</trn:num>
  <trn:date-posted>
    <ts:date>1996-11-25 00:00:00 -0500</ts:date>
  </trn:date-posted>
  <trn:date-entered>
    <ts:date>2001-03-26 15:43:52 -0500</ts:date>
    <ts:ns>278063000</ts:ns>
  </trn:date-entered>
  <trn:description>AUC</trn:description>
  <trn:splits>
    <trn:split>
      <split:id type="guid">47f6cb20625105c1cabed298b7db6ac8</split:id>
      <split:reconciled-state>n</split:reconciled-state>
      <split:value>2260/100</split:value>
      <split:quantity>2260/100</split:quantity>
      <split:account type="guid">5fc1c6a2a79889318f644120ac82c8ee</split:account>
    </trn:split>
    <trn:split>
      <split:id type="guid">90c4ec53c84b38d7b78bb97715b76cf2</split:id>
      <split:reconciled-state>n</split:reconciled-state>
      <split:value>-2260/100</split:value>
      <split:quantity>-2260/100</split:quantity>
      <split:account type="guid">ab52d1a8fbd5883a788d51bd29c77e84</split:account>
    </trn:split>
  </trn:splits>
</gnc:transaction>
<gnc:transaction version="2.0.0">
  <trn:id type="guid">95611e8b31fb8df3b401435ede574652</trn:id>
  <trn:num>211</trn:num>
  <trn:date-posted>
    <ts:date>1996-11-25 00:00:00 -0500</ts:date>
  </trn:date-posted>
  <trn:date-entered>
    <ts:date>2001-03-26 15:43:52 -0500</ts:date>
    <ts:ns>281192000</ts:ns>
  </trn:date-entered>
  <trn:description>LJ</trn:description>
  <trn:splits>
    <trn:split>
      <split:id type="guid">cc3ef0168ce23aff1b9a2b2646112070</split:id>
      <split:reconciled-state>n</split:reconciled-state>
      <split:value>5100/100</split:value>
      <split:quantity>5100/100</split:quantity>
      <split:account type="guid">246d4bbc03fd4ebfc817afda54011ebc</split:account>
    </trn:split>
    <trn:split>
      <split:id type="guid">c3ec11924ad66b32d449c8fd873d3ccd</split:id>
      <split:reconciled-state>n</split:reconciled-state>
      <split:value>-5100/100</split:value>
      <split:quantity>-5100/100</split:quantity>
      <split:account type="guid">ab52d1a8fbd5883a788d51bd29c77e84</split:account>
    </trn:split>
  </trn:splits>
</gnc:transaction>
<gnc:transaction version="2.0.0">
  <trn:id type="guid">5848880ba55e33ce46c21bb12bca8475</trn:id>
  <trn:num>212</trn:num>
  <trn:date-posted>
    <ts:date>1996-11-25 00:00:00 -0500</ts:date>
  </trn:date-posted>
  <trn:date-entered>
    <ts:date>2001-03-26 15:43:52 -0500</ts:date>
    <ts:ns>285845000</ts:ns>
  </trn:date-entered>
  <trn:description>PC</trn:description>
  <trn:splits>
    <trn:split>
      <split:id type="guid">d7763fc007727b1b448f274de3e30a20</split:id>
      <split:reconciled-state>n</split:reconciled-state>
      <split:value>22564/100</split:value>
      <split:quantity>22564/100</split:quantity>
      <split:account type="guid">5fc1c6a2a79889318f644120ac82c8ee</split:account>
    </trn:split>
    <trn:split>
      <split:id type="guid">f176be8f883c49d975081747251cf5e6</split:id>
      <split:reconciled-state>n</split:reconciled-state>
      <split:value>-22564/100</split:value>
      <split:quantity>-22564/100</split:quantity>
      <split:account type="guid">ab52d1a8fbd5883a788d51bd29c77e84</split:account>
    </trn:split>
  </trn:splits>
</gnc:transaction>
<gnc:transaction version="2.0.0">
  <trn:id type="guid">a2cf57372ca3c8903c34cd0664f2498a</trn:id>
  <trn:date-posted>
    <ts:date>1996-11-27 00:00:00 -0500</ts:date>
  </trn:date-posted>
  <trn:date-entered>
    <ts:date>2001-03-26 15:43:52 -0500</ts:date>
    <ts:ns>289008000</ts:ns>
  </trn:date-entered>
  <trn:description>Boss1</trn:description>
  <trn:splits>
    <trn:split>
      <split:id type="guid">1b8f0dedf59a4ace3721b7d99103f2d0</split:id>
      <split:reconciled-state>n</split:reconciled-state>
      <split:value>-109069/100</split:value>
      <split:quantity>-109069/100</split:quantity>
      <split:account type="guid">60a59d2467d55241a1f13d5c0c43fa1b</split:account>
    </trn:split>
    <trn:split>
      <split:id type="guid">4773c01c98e5b6643951f79fd40506c7</split:id>
      <split:reconciled-state>n</split:reconciled-state>
      <split:value>109069/100</split:value>
      <split:quantity>109069/100</split:quantity>
      <split:account type="guid">ab52d1a8fbd5883a788d51bd29c77e84</split:account>
    </trn:split>
  </trn:splits>
</gnc:transaction>
<gnc:transaction version="2.0.0">
  <trn:id type="guid">c90a99ca08eb147fa23f8674d3536710</trn:id>
  <trn:date-posted>
    <ts:date>1996-12-03 00:00:00 -0500</ts:date>
  </trn:date-posted>
  <trn:date-entered>
    <ts:date>2001-03-26 15:43:52 -0500</ts:date>
    <ts:ns>293007000</ts:ns>
  </trn:date-entered>
  <trn:description>Boss1</trn:description>
  <trn:splits>
    <trn:split>
      <split:id type="guid">6b2fe0a2386ede1b0aa39f440f913031</split:id>
      <split:reconciled-state>n</split:reconciled-state>
      <split:value>-7260/100</split:value>
      <split:quantity>-7260/100</split:quantity>
      <split:account type="guid">60a59d2467d55241a1f13d5c0c43fa1b</split:account>
    </trn:split>
    <trn:split>
      <split:id type="guid">8cbcb98344e9b9f2f36e4041922f2315</split:id>
      <split:reconciled-state>n</split:reconciled-state>
      <split:value>7260/100</split:value>
      <split:quantity>7260/100</split:quantity>
      <split:account type="guid">ab52d1a8fbd5883a788d51bd29c77e84</split:account>
    </trn:split>
  </trn:splits>
</gnc:transaction>
<gnc:transaction version="2.0.0">
  <trn:id type="guid">ebf43960c8c1d746e8d103f402520dd4</trn:id>
  <trn:num>213</trn:num>
  <trn:date-posted>
    <ts:date>1996-12-03 00:00:00 -0500</ts:date>
  </trn:date-posted>
  <trn:date-entered>
    <ts:date>2001-03-26 15:43:52 -0500</ts:date>
    <ts:ns>307201000</ts:ns>
  </trn:date-entered>
  <trn:description>Landlord</trn:description>
  <trn:splits>
    <trn:split>
      <split:id type="guid">1238bde559b6cb1aac7200a79c32e39f</split:id>
      <split:reconciled-state>n</split:reconciled-state>
      <split:value>52500/100</split:value>
      <split:quantity>52500/100</split:quantity>
      <split:account type="guid">329b2c5196efdaf54e1321e05b9f0875</split:account>
    </trn:split>
    <trn:split>
      <split:id type="guid">8adeea3bd71855c9d711c131c1486ead</split:id>
      <split:reconciled-state>n</split:reconciled-state>
      <split:value>-52500/100</split:value>
      <split:quantity>-52500/100</split:quantity>
      <split:account type="guid">ab52d1a8fbd5883a788d51bd29c77e84</split:account>
    </trn:split>
  </trn:splits>
</gnc:transaction>
<gnc:transaction version="2.0.0">
  <trn:id type="guid">f8b6af5a90ae401e489d6fb263915c9b</trn:id>
  <trn:date-posted>
    <ts:date>1996-12-05 00:00:00 -0500</ts:date>
  </trn:date-posted>
  <trn:date-entered>
    <ts:date>2001-03-26 15:43:52 -0500</ts:date>
    <ts:ns>310400000</ts:ns>
  </trn:date-entered>
  <trn:description>Boss1</trn:description>
  <trn:splits>
    <trn:split>
      <split:id type="guid">e45fd72a4a820df7ea2ac141cbdc1a93</split:id>
      <split:reconciled-state>n</split:reconciled-state>
      <split:value>-198587/100</split:value>
      <split:quantity>-198587/100</split:quantity>
      <split:account type="guid">4da6e3f697287c126a6827efd63a0b43</split:account>
    </trn:split>
    <trn:split>
      <split:id type="guid">97141dd67ad0f5e1cbd432c9143e5423</split:id>
      <split:reconciled-state>n</split:reconciled-state>
      <split:value>198587/100</split:value>
      <split:quantity>198587/100</split:quantity>
      <split:account type="guid">ab52d1a8fbd5883a788d51bd29c77e84</split:account>
    </trn:split>
  </trn:splits>
</gnc:transaction>
<gnc:transaction version="2.0.0">
  <trn:id type="guid">31dbd5ad5b019fcf627065dac86daad3</trn:id>
  <trn:num>214</trn:num>
  <trn:date-posted>
    <ts:date>1996-12-05 00:00:00 -0500</ts:date>
  </trn:date-posted>
  <trn:date-entered>
    <ts:date>2001-03-26 15:43:52 -0500</ts:date>
    <ts:ns>313491000</ts:ns>
  </trn:date-entered>
  <trn:description>Insurance</trn:description>
  <trn:splits>
    <trn:split>
      <split:id type="guid">9b7669ffdebb372a56b6ede7a2b59343</split:id>
      <split:reconciled-state>n</split:reconciled-state>
      <split:value>42400/100</split:value>
      <split:quantity>42400/100</split:quantity>
      <split:account type="guid">cc640e911a739a6f58675333704ce9de</split:account>
    </trn:split>
    <trn:split>
      <split:id type="guid">e1fbf6f5de2b1a9b1f9f66d4de3e7cc9</split:id>
      <split:reconciled-state>n</split:reconciled-state>
      <split:value>-42400/100</split:value>
      <split:quantity>-42400/100</split:quantity>
      <split:account type="guid">ab52d1a8fbd5883a788d51bd29c77e84</split:account>
    </trn:split>
  </trn:splits>
</gnc:transaction>
<gnc:transaction version="2.0.0">
  <trn:id type="guid">db333052ad4423d1057e257dd9940783</trn:id>
  <trn:num>215</trn:num>
  <trn:date-posted>
    <ts:date>1996-12-05 00:00:00 -0500</ts:date>
  </trn:date-posted>
  <trn:date-entered>
    <ts:date>2001-03-26 15:43:52 -0500</ts:date>
    <ts:ns>317456000</ts:ns>
  </trn:date-entered>
  <trn:description>BN</trn:description>
  <trn:splits>
    <trn:split>
      <split:id type="guid">0aff5783f48fa6ab43f814262644623a</split:id>
      <split:reconciled-state>n</split:reconciled-state>
      <split:value>35265/100</split:value>
      <split:quantity>35265/100</split:quantity>
      <split:account type="guid">5fc1c6a2a79889318f644120ac82c8ee</split:account>
    </trn:split>
    <trn:split>
      <split:id type="guid">4f48d6b864ad8b334fa01b6a8aed5e86</split:id>
      <split:reconciled-state>n</split:reconciled-state>
      <split:value>-35265/100</split:value>
      <split:quantity>-35265/100</split:quantity>
      <split:account type="guid">ab52d1a8fbd5883a788d51bd29c77e84</split:account>
    </trn:split>
  </trn:splits>
</gnc:transaction>
<gnc:transaction version="2.0.0">
  <trn:id type="guid">f8f52804024e2578154c1abe106d65fd</trn:id>
  <trn:num>216</trn:num>
  <trn:date-posted>
    <ts:date>1996-12-07 00:00:00 -0500</ts:date>
  </trn:date-posted>
  <trn:date-entered>
    <ts:date>2001-03-26 15:43:52 -0500</ts:date>
    <ts:ns>320628000</ts:ns>
  </trn:date-entered>
  <trn:description>Pacific Bell</trn:description>
  <trn:splits>
    <trn:split>
      <split:id type="guid">6e84c717b6b2788540d5bb690e97c52e</split:id>
      <split:reconciled-state>n</split:reconciled-state>
      <split:value>5794/100</split:value>
      <split:quantity>5794/100</split:quantity>
      <split:account type="guid">8d9a8e4928257f0b0aaee042057d8012</split:account>
    </trn:split>
    <trn:split>
      <split:id type="guid">e182249d8c66d620fa5152c568ba479a</split:id>
      <split:reconciled-state>n</split:reconciled-state>
      <split:value>-5794/100</split:value>
      <split:quantity>-5794/100</split:quantity>
      <split:account type="guid">ab52d1a8fbd5883a788d51bd29c77e84</split:account>
    </trn:split>
  </trn:splits>
</gnc:transaction>
<gnc:transaction version="2.0.0">
  <trn:id type="guid">101c8aa6af2d90cb658c043a495850f2</trn:id>
  <trn:date-posted>
    <ts:date>1996-12-10 00:00:00 -0500</ts:date>
  </trn:date-posted>
  <trn:date-entered>
    <ts:date>2001-03-26 15:43:52 -0500</ts:date>
    <ts:ns>323736000</ts:ns>
  </trn:date-entered>
  <trn:description>School</trn:description>
  <trn:splits>
    <trn:split>
      <split:id type="guid">238f72686aa9d51de1a15ae56fe92d2f</split:id>
      <split:reconciled-state>n</split:reconciled-state>
      <split:value>-131659/100</split:value>
      <split:quantity>-131659/100</split:quantity>
      <split:account type="guid">4da6e3f697287c126a6827efd63a0b43</split:account>
    </trn:split>
    <trn:split>
      <split:id type="guid">593c567cce02a08db023c2427e990462</split:id>
      <split:reconciled-state>n</split:reconciled-state>
      <split:value>131659/100</split:value>
      <split:quantity>131659/100</split:quantity>
      <split:account type="guid">ab52d1a8fbd5883a788d51bd29c77e84</split:account>
    </trn:split>
  </trn:splits>
</gnc:transaction>
<gnc:transaction version="2.0.0">
  <trn:id type="guid">4fff54108c7ff4fb7f53bd1ad6e2510d</trn:id>
  <trn:num>217</trn:num>
  <trn:date-posted>
    <ts:date>1996-12-10 00:00:00 -0500</ts:date>
  </trn:date-posted>
  <trn:date-entered>
    <ts:date>2001-03-26 15:43:52 -0500</ts:date>
    <ts:ns>356093000</ts:ns>
  </trn:date-entered>
  <trn:description>C</trn:description>
  <trn:splits>
    <trn:split>
      <split:id type="guid">b9f943a25a2ed123790f06dc17f84617</split:id>
      <split:reconciled-state>n</split:reconciled-state>
      <split:value>167647/100</split:value>
      <split:quantity>167647/100</split:quantity>
      <split:account type="guid">5fc1c6a2a79889318f644120ac82c8ee</split:account>
    </trn:split>
    <trn:split>
      <split:id type="guid">06753cb032081c592bf4d74044037096</split:id>
      <split:reconciled-state>n</split:reconciled-state>
      <split:value>-167647/100</split:value>
      <split:quantity>-167647/100</split:quantity>
      <split:account type="guid">ab52d1a8fbd5883a788d51bd29c77e84</split:account>
    </trn:split>
  </trn:splits>
</gnc:transaction>
<gnc:transaction version="2.0.0">
  <trn:id type="guid">785ffda7d3fe26ebdaeefbad3dacc8cb</trn:id>
  <trn:num>218</trn:num>
  <trn:date-posted>
    <ts:date>1996-12-10 00:00:00 -0500</ts:date>
  </trn:date-posted>
  <trn:date-entered>
    <ts:date>2001-03-26 15:43:52 -0500</ts:date>
    <ts:ns>359532000</ts:ns>
  </trn:date-entered>
  <trn:description>W Bank</trn:description>
  <trn:splits>
    <trn:split>
      <split:id type="guid">5b52000405f8f61ef8635a660d7bbad3</split:id>
      <split:reconciled-state>n</split:reconciled-state>
      <split:value>6846/100</split:value>
      <split:quantity>6846/100</split:quantity>
      <split:account type="guid">5fc1c6a2a79889318f644120ac82c8ee</split:account>
    </trn:split>
    <trn:split>
      <split:id type="guid">4408864cf2b56394f387778aac9613e3</split:id>
      <split:reconciled-state>n</split:reconciled-state>
      <split:value>-6846/100</split:value>
      <split:quantity>-6846/100</split:quantity>
      <split:account type="guid">ab52d1a8fbd5883a788d51bd29c77e84</split:account>
    </trn:split>
  </trn:splits>
</gnc:transaction>
<gnc:transaction version="2.0.0">
  <trn:id type="guid">fbd8c918b461bcad2bb89728a695e7c1</trn:id>
  <trn:num>219</trn:num>
  <trn:date-posted>
    <ts:date>1996-12-10 00:00:00 -0500</ts:date>
  </trn:date-posted>
  <trn:date-entered>
    <ts:date>2001-03-26 15:43:52 -0500</ts:date>
    <ts:ns>362917000</ts:ns>
  </trn:date-entered>
  <trn:description>Pacific Bell</trn:description>
  <trn:splits>
    <trn:split>
      <split:id type="guid">fe4f52f2b23176f12a94424314027f6d</split:id>
      <split:reconciled-state>n</split:reconciled-state>
      <split:value>2543/100</split:value>
      <split:quantity>2543/100</split:quantity>
      <split:account type="guid">8d9a8e4928257f0b0aaee042057d8012</split:account>
    </trn:split>
    <trn:split>
      <split:id type="guid">c96dae2c8e8063f4ee8b45bccbdb4658</split:id>
      <split:reconciled-state>n</split:reconciled-state>
      <split:value>-2543/100</split:value>
      <split:quantity>-2543/100</split:quantity>
      <split:account type="guid">ab52d1a8fbd5883a788d51bd29c77e84</split:account>
    </trn:split>
  </trn:splits>
</gnc:transaction>
<gnc:transaction version="2.0.0">
  <trn:id type="guid">3ce4052babc781b935eb11a77c5c2cf9</trn:id>
  <trn:date-posted>
    <ts:date>1996-12-13 00:00:00 -0500</ts:date>
  </trn:date-posted>
  <trn:date-entered>
    <ts:date>2001-03-26 15:43:52 -0500</ts:date>
    <ts:ns>370828000</ts:ns>
  </trn:date-entered>
  <trn:description>Boss1</trn:description>
  <trn:splits>
    <trn:split>
      <split:id type="guid">560adc05bb8cc54c1c204d1e99e424ba</split:id>
      <split:reconciled-state>n</split:reconciled-state>
      <split:value>-28197/100</split:value>
      <split:quantity>-28197/100</split:quantity>
      <split:account type="guid">60a59d2467d55241a1f13d5c0c43fa1b</split:account>
    </trn:split>
    <trn:split>
      <split:id type="guid">dc669b9c580ba1ed6961684c6bf2cc0a</split:id>
      <split:reconciled-state>n</split:reconciled-state>
      <split:value>28197/100</split:value>
      <split:quantity>28197/100</split:quantity>
      <split:account type="guid">ab52d1a8fbd5883a788d51bd29c77e84</split:account>
    </trn:split>
  </trn:splits>
</gnc:transaction>
<gnc:transaction version="2.0.0">
  <trn:id type="guid">6dd89dea4fdd2d90e51a8a168e0e4e89</trn:id>
  <trn:date-posted>
    <ts:date>1996-12-15 00:00:00 -0500</ts:date>
  </trn:date-posted>
  <trn:date-entered>
    <ts:date>2001-03-26 15:43:52 -0500</ts:date>
    <ts:ns>374577000</ts:ns>
  </trn:date-entered>
  <trn:description>Wei yan Shi</trn:description>
  <trn:splits>
    <trn:split>
      <split:id type="guid">9248889050cfc7049cd78d60707f2396</split:id>
      <split:reconciled-state>n</split:reconciled-state>
      <split:value>-200000/100</split:value>
      <split:quantity>-200000/100</split:quantity>
      <split:account type="guid">56c1924305fc9b5667ff93ed389f571a</split:account>
    </trn:split>
    <trn:split>
      <split:id type="guid">854c2f86bb46139789b786522f6a995b</split:id>
      <split:reconciled-state>n</split:reconciled-state>
      <split:value>200000/100</split:value>
      <split:quantity>200000/100</split:quantity>
      <split:account type="guid">ab52d1a8fbd5883a788d51bd29c77e84</split:account>
    </trn:split>
  </trn:splits>
</gnc:transaction>
<gnc:transaction version="2.0.0">
  <trn:id type="guid">c5fad55e2bf1d35ee6e0c99ccd6b4910</trn:id>
  <trn:date-posted>
    <ts:date>1996-12-16 00:00:00 -0500</ts:date>
  </trn:date-posted>
  <trn:date-entered>
    <ts:date>2001-03-26 15:43:52 -0500</ts:date>
    <ts:ns>381256000</ts:ns>
  </trn:date-entered>
  <trn:description>Wei yan Shi</trn:description>
  <trn:splits>
    <trn:split>
      <split:id type="guid">c663d7e359f019a206a75ac291b78191</split:id>
      <split:reconciled-state>n</split:reconciled-state>
      <split:value>-100000/100</split:value>
      <split:quantity>-100000/100</split:quantity>
      <split:account type="guid">56c1924305fc9b5667ff93ed389f571a</split:account>
    </trn:split>
    <trn:split>
      <split:id type="guid">39bb8675d7b5528820aebbfa3e1a6b9a</split:id>
      <split:reconciled-state>n</split:reconciled-state>
      <split:value>100000/100</split:value>
      <split:quantity>100000/100</split:quantity>
      <split:account type="guid">ab52d1a8fbd5883a788d51bd29c77e84</split:account>
    </trn:split>
  </trn:splits>
</gnc:transaction>
<gnc:transaction version="2.0.0">
  <trn:id type="guid">a6a68d4fe2de9825d6fb2c2e83979dc0</trn:id>
  <trn:num>220</trn:num>
  <trn:date-posted>
    <ts:date>1996-12-16 00:00:00 -0500</ts:date>
  </trn:date-posted>
  <trn:date-entered>
    <ts:date>2001-03-26 15:43:52 -0500</ts:date>
    <ts:ns>386877000</ts:ns>
  </trn:date-entered>
  <trn:description>OppenheimerFunds</trn:description>
  <trn:splits>
    <trn:split>
      <split:id type="guid">a2bbca7eeacee2370612d6905f63d38d</split:id>
      <split:reconciled-state>n</split:reconciled-state>
      <split:value>200000/100</split:value>
      <split:quantity>200000/100</split:quantity>
      <split:account type="guid">9defb6c42135fa2f4036762c8926c8ca</split:account>
    </trn:split>
    <trn:split>
      <split:id type="guid">7220a7e13133c18c793f6f2235495d5e</split:id>
      <split:reconciled-state>n</split:reconciled-state>
      <split:value>-200000/100</split:value>
      <split:quantity>-200000/100</split:quantity>
      <split:account type="guid">ab52d1a8fbd5883a788d51bd29c77e84</split:account>
    </trn:split>
  </trn:splits>
</gnc:transaction>
<gnc:transaction version="2.0.0">
  <trn:id type="guid">2543d4925154936850d3845532445996</trn:id>
  <trn:num>221</trn:num>
  <trn:date-posted>
    <ts:date>1996-12-16 00:00:00 -0500</ts:date>
  </trn:date-posted>
  <trn:date-entered>
    <ts:date>2001-03-26 15:43:52 -0500</ts:date>
    <ts:ns>390151000</ts:ns>
  </trn:date-entered>
  <trn:description>OppenheimerFunds</trn:description>
  <trn:splits>
    <trn:split>
      <split:id type="guid">f322ac9bf72383cad642cc31d293c06e</split:id>
      <split:reconciled-state>n</split:reconciled-state>
      <split:value>200000/100</split:value>
      <split:quantity>200000/100</split:quantity>
      <split:account type="guid">9defb6c42135fa2f4036762c8926c8ca</split:account>
    </trn:split>
    <trn:split>
      <split:id type="guid">c04bc2ee60083a6f275bd61fdbd8b92e</split:id>
      <split:reconciled-state>n</split:reconciled-state>
      <split:value>-200000/100</split:value>
      <split:quantity>-200000/100</split:quantity>
      <split:account type="guid">ab52d1a8fbd5883a788d51bd29c77e84</split:account>
    </trn:split>
  </trn:splits>
</gnc:transaction>
<gnc:transaction version="2.0.0">
  <trn:id type="guid">87f141e51cf76d53a844758bd1464787</trn:id>
  <trn:num>222</trn:num>
  <trn:date-posted>
    <ts:date>1996-12-16 00:00:00 -0500</ts:date>
  </trn:date-posted>
  <trn:date-entered>
    <ts:date>2001-03-26 15:43:52 -0500</ts:date>
    <ts:ns>393388000</ts:ns>
  </trn:date-entered>
  <trn:description>NB</trn:description>
  <trn:splits>
    <trn:split>
      <split:id type="guid">37b57d58cf82a11472871aea4e8b6cb7</split:id>
      <split:reconciled-state>n</split:reconciled-state>
      <split:value>41047/100</split:value>
      <split:quantity>41047/100</split:quantity>
      <split:account type="guid">5fc1c6a2a79889318f644120ac82c8ee</split:account>
    </trn:split>
    <trn:split>
      <split:id type="guid">6d46b50de4768c25884812c810514175</split:id>
      <split:reconciled-state>n</split:reconciled-state>
      <split:value>-41047/100</split:value>
      <split:quantity>-41047/100</split:quantity>
      <split:account type="guid">ab52d1a8fbd5883a788d51bd29c77e84</split:account>
    </trn:split>
  </trn:splits>
</gnc:transaction>
<gnc:transaction version="2.0.0">
  <trn:id type="guid">ac5a052aabb9a2919d54cd3d69204ab0</trn:id>
  <trn:date-posted>
    <ts:date>1996-12-20 00:00:00 -0500</ts:date>
  </trn:date-posted>
  <trn:date-entered>
    <ts:date>2001-03-26 15:43:52 -0500</ts:date>
    <ts:ns>406198000</ts:ns>
  </trn:date-entered>
  <trn:description>Cash</trn:description>
  <trn:splits>
    <trn:split>
      <split:id type="guid">ec938761e10f926f91f59413a7c29c0f</split:id>
      <split:reconciled-state>n</split:reconciled-state>
      <split:value>4000/100</split:value>
      <split:quantity>4000/100</split:quantity>
      <split:account type="guid">9defb6c42135fa2f4036762c8926c8ca</split:account>
    </trn:split>
    <trn:split>
      <split:id type="guid">6c246ff769910f4173b5fe868361d858</split:id>
      <split:reconciled-state>n</split:reconciled-state>
      <split:value>-4000/100</split:value>
      <split:quantity>-4000/100</split:quantity>
      <split:account type="guid">ab52d1a8fbd5883a788d51bd29c77e84</split:account>
    </trn:split>
  </trn:splits>
</gnc:transaction>
<gnc:transaction version="2.0.0">
  <trn:id type="guid">a57548603dfe2a2622acd7cbfe2ae4f9</trn:id>
  <trn:date-posted>
    <ts:date>1996-12-31 00:00:00 -0500</ts:date>
  </trn:date-posted>
  <trn:date-entered>
    <ts:date>2001-03-26 15:43:52 -0500</ts:date>
    <ts:ns>409596000</ts:ns>
  </trn:date-entered>
  <trn:description>Cash</trn:description>
  <trn:splits>
    <trn:split>
      <split:id type="guid">fcc465c76ecb6c88056610aa93f22156</split:id>
      <split:reconciled-state>n</split:reconciled-state>
      <split:value>10000/100</split:value>
      <split:quantity>10000/100</split:quantity>
      <split:account type="guid">9defb6c42135fa2f4036762c8926c8ca</split:account>
    </trn:split>
    <trn:split>
      <split:id type="guid">a8a448c16510f59945db80104ceac0a8</split:id>
      <split:reconciled-state>n</split:reconciled-state>
      <split:value>-10000/100</split:value>
      <split:quantity>-10000/100</split:quantity>
      <split:account type="guid">ab52d1a8fbd5883a788d51bd29c77e84</split:account>
    </trn:split>
  </trn:splits>
</gnc:transaction>
<gnc:transaction version="2.0.0">
  <trn:id type="guid">b900ebc25a48bdda08af81b68367dcd0</trn:id>
  <trn:date-posted>
    <ts:date>1996-12-31 00:00:00 -0500</ts:date>
  </trn:date-posted>
  <trn:date-entered>
    <ts:date>2001-03-26 15:43:52 -0500</ts:date>
    <ts:ns>412834000</ts:ns>
  </trn:date-entered>
  <trn:description>ATM Charge</trn:description>
  <trn:splits>
    <trn:split>
      <split:id type="guid">46d73396d99e01e023ff43eaae3dd791</split:id>
      <split:reconciled-state>n</split:reconciled-state>
      <split:value>100/100</split:value>
      <split:quantity>100/100</split:quantity>
      <split:account type="guid">9defb6c42135fa2f4036762c8926c8ca</split:account>
    </trn:split>
    <trn:split>
      <split:id type="guid">554ec7c3c5794ac334fb28a6ccc6ce7c</split:id>
      <split:reconciled-state>n</split:reconciled-state>
      <split:value>-100/100</split:value>
      <split:quantity>-100/100</split:quantity>
      <split:account type="guid">ab52d1a8fbd5883a788d51bd29c77e84</split:account>
    </trn:split>
  </trn:splits>
</gnc:transaction>
<gnc:transaction version="2.0.0">
  <trn:id type="guid">849d594cded5afa4939bc39454ed1ae6</trn:id>
  <trn:num>223</trn:num>
  <trn:date-posted>
    <ts:date>1996-12-31 00:00:00 -0500</ts:date>
  </trn:date-posted>
  <trn:date-entered>
    <ts:date>2001-03-26 15:43:52 -0500</ts:date>
    <ts:ns>417677000</ts:ns>
  </trn:date-entered>
  <trn:description>Landlord</trn:description>
  <trn:splits>
    <trn:split>
      <split:id type="guid">5f6b1b66dd6fdc6b75a2e1e950d4c911</split:id>
      <split:reconciled-state>n</split:reconciled-state>
      <split:value>52500/100</split:value>
      <split:quantity>52500/100</split:quantity>
      <split:account type="guid">329b2c5196efdaf54e1321e05b9f0875</split:account>
    </trn:split>
    <trn:split>
      <split:id type="guid">83db6dd043e4dae6319b6ef57b55ba0d</split:id>
      <split:reconciled-state>n</split:reconciled-state>
      <split:value>-52500/100</split:value>
      <split:quantity>-52500/100</split:quantity>
      <split:account type="guid">ab52d1a8fbd5883a788d51bd29c77e84</split:account>
    </trn:split>
  </trn:splits>
</gnc:transaction>
<gnc:transaction version="2.0.0">
  <trn:id type="guid">453714d0f6bf310baa75b4c3ae1ae40e</trn:id>
  <trn:date-posted>
    <ts:date>1997-01-02 00:00:00 -0500</ts:date>
  </trn:date-posted>
  <trn:date-entered>
    <ts:date>2001-03-26 15:43:52 -0500</ts:date>
    <ts:ns>420881000</ts:ns>
  </trn:date-entered>
  <trn:description>Cash</trn:description>
  <trn:splits>
    <trn:split>
      <split:id type="guid">b8ec3304866596d5150ae277c24908a7</split:id>
      <split:reconciled-state>n</split:reconciled-state>
      <split:value>-20000/100</split:value>
      <split:quantity>-20000/100</split:quantity>
      <split:account type="guid">9defb6c42135fa2f4036762c8926c8ca</split:account>
    </trn:split>
    <trn:split>
      <split:id type="guid">caa2e873c07a7bb008e29d097c9f06be</split:id>
      <split:reconciled-state>n</split:reconciled-state>
      <split:value>20000/100</split:value>
      <split:quantity>20000/100</split:quantity>
      <split:account type="guid">ab52d1a8fbd5883a788d51bd29c77e84</split:account>
    </trn:split>
  </trn:splits>
</gnc:transaction>
<gnc:transaction version="2.0.0">
  <trn:id type="guid">1193ad0cfae7cc631787ef2c057fa2ca</trn:id>
  <trn:date-posted>
    <ts:date>1997-01-02 00:00:00 -0500</ts:date>
  </trn:date-posted>
  <trn:date-entered>
    <ts:date>2001-03-26 15:43:52 -0500</ts:date>
    <ts:ns>427138000</ts:ns>
  </trn:date-entered>
  <trn:description>LJ</trn:description>
  <trn:splits>
    <trn:split>
      <split:id type="guid">821b5ad33183169c4507298ea47489ed</split:id>
      <split:reconciled-state>n</split:reconciled-state>
      <split:value>-23050/100</split:value>
      <split:quantity>-23050/100</split:quantity>
      <split:account type="guid">9defb6c42135fa2f4036762c8926c8ca</split:account>
    </trn:split>
    <trn:split>
      <split:id type="guid">a809165ebffe5f4b51c40d2fb130f17f</split:id>
      <split:reconciled-state>n</split:reconciled-state>
      <split:value>23050/100</split:value>
      <split:quantity>23050/100</split:quantity>
      <split:account type="guid">ab52d1a8fbd5883a788d51bd29c77e84</split:account>
    </trn:split>
  </trn:splits>
</gnc:transaction>
<gnc:transaction version="2.0.0">
  <trn:id type="guid">0c298574d52ec79f430bacbb432e6a06</trn:id>
  <trn:date-posted>
    <ts:date>1997-01-02 00:00:00 -0500</ts:date>
  </trn:date-posted>
  <trn:date-entered>
    <ts:date>2001-03-26 15:43:52 -0500</ts:date>
    <ts:ns>430542000</ts:ns>
  </trn:date-entered>
  <trn:description>Boss1</trn:description>
  <trn:splits>
    <trn:split>
      <split:id type="guid">23875c0d737d0623ed3d51dd365d6406</split:id>
      <split:reconciled-state>n</split:reconciled-state>
      <split:value>-198587/100</split:value>
      <split:quantity>-198587/100</split:quantity>
      <split:account type="guid">4da6e3f697287c126a6827efd63a0b43</split:account>
    </trn:split>
    <trn:split>
      <split:id type="guid">c57052c5d506e15c4e024ff212a05bd7</split:id>
      <split:reconciled-state>n</split:reconciled-state>
      <split:value>198587/100</split:value>
      <split:quantity>198587/100</split:quantity>
      <split:account type="guid">ab52d1a8fbd5883a788d51bd29c77e84</split:account>
    </trn:split>
  </trn:splits>
</gnc:transaction>
<gnc:transaction version="2.0.0">
  <trn:id type="guid">bb473d397573c1e491292cc2f12450d2</trn:id>
  <trn:num>224</trn:num>
  <trn:date-posted>
    <ts:date>1997-01-04 00:00:00 -0500</ts:date>
  </trn:date-posted>
  <trn:date-entered>
    <ts:date>2001-03-26 15:43:52 -0500</ts:date>
    <ts:ns>434489000</ts:ns>
  </trn:date-entered>
  <trn:description>Mellon Bank</trn:description>
  <trn:splits>
    <trn:split>
      <split:id type="guid">efee0da2c30ca08eee67ae8820d4ab49</split:id>
      <split:reconciled-state>n</split:reconciled-state>
      <split:value>4000/100</split:value>
      <split:quantity>4000/100</split:quantity>
      <split:account type="guid">f5b32f79be8cc4952e6e2ddd4077b0fa</split:account>
    </trn:split>
    <trn:split>
      <split:id type="guid">1c4d6dee9fce92b2fc2ea80654641694</split:id>
      <split:reconciled-state>n</split:reconciled-state>
      <split:value>-4000/100</split:value>
      <split:quantity>-4000/100</split:quantity>
      <split:account type="guid">ab52d1a8fbd5883a788d51bd29c77e84</split:account>
    </trn:split>
  </trn:splits>
</gnc:transaction>
<gnc:transaction version="2.0.0">
  <trn:id type="guid">827067e615b526598f1120ae0a622c05</trn:id>
  <trn:num>225</trn:num>
  <trn:date-posted>
    <ts:date>1997-01-04 00:00:00 -0500</ts:date>
  </trn:date-posted>
  <trn:date-entered>
    <ts:date>2001-03-26 15:43:52 -0500</ts:date>
    <ts:ns>437911000</ts:ns>
  </trn:date-entered>
  <trn:description>LDPC</trn:description>
  <trn:splits>
    <trn:split>
      <split:id type="guid">c0a9371cd2edd2a3c56c1b7e9cf53313</split:id>
      <split:reconciled-state>n</split:reconciled-state>
      <split:value>11224/100</split:value>
      <split:quantity>11224/100</split:quantity>
      <split:account type="guid">8d9a8e4928257f0b0aaee042057d8012</split:account>
    </trn:split>
    <trn:split>
      <split:id type="guid">1ed88eca4d4f84bec438f96e01900585</split:id>
      <split:reconciled-state>n</split:reconciled-state>
      <split:value>-11224/100</split:value>
      <split:quantity>-11224/100</split:quantity>
      <split:account type="guid">ab52d1a8fbd5883a788d51bd29c77e84</split:account>
    </trn:split>
  </trn:splits>
</gnc:transaction>
<gnc:transaction version="2.0.0">
  <trn:id type="guid">fa2ee4a96fa779ad903e679cf2cde07a</trn:id>
  <trn:date-posted>
    <ts:date>1997-01-07 00:00:00 -0500</ts:date>
  </trn:date-posted>
  <trn:date-entered>
    <ts:date>2001-03-26 15:43:52 -0500</ts:date>
    <ts:ns>441404000</ts:ns>
  </trn:date-entered>
  <trn:description>Power Co.</trn:description>
  <trn:splits>
    <trn:split>
      <split:id type="guid">32f8283f41147bf98b8c1acacc0d36b5</split:id>
      <split:reconciled-state>n</split:reconciled-state>
      <split:value>1158/100</split:value>
      <split:quantity>1158/100</split:quantity>
      <split:account type="guid">92b05cc5070282b02b05e60f161a5882</split:account>
    </trn:split>
    <trn:split>
      <split:id type="guid">a78b8be9342fe2ff07553c0ded182868</split:id>
      <split:reconciled-state>n</split:reconciled-state>
      <split:value>-1158/100</split:value>
      <split:quantity>-1158/100</split:quantity>
      <split:account type="guid">ab52d1a8fbd5883a788d51bd29c77e84</split:account>
    </trn:split>
  </trn:splits>
</gnc:transaction>
<gnc:transaction version="2.0.0">
  <trn:id type="guid">1a00e4f34ad980e606de99a2860dade5</trn:id>
  <trn:date-posted>
    <ts:date>1997-01-10 00:00:00 -0500</ts:date>
  </trn:date-posted>
  <trn:date-entered>
    <ts:date>2001-03-26 15:43:52 -0500</ts:date>
    <ts:ns>453760000</ts:ns>
  </trn:date-entered>
  <trn:description>School</trn:description>
  <trn:splits>
    <trn:split>
      <split:id type="guid">c427d7272777ee94aac629e95730a19c</split:id>
      <split:reconciled-state>n</split:reconciled-state>
      <split:value>-131873/100</split:value>
      <split:quantity>-131873/100</split:quantity>
      <split:account type="guid">4da6e3f697287c126a6827efd63a0b43</split:account>
    </trn:split>
    <trn:split>
      <split:id type="guid">f260d536d1384a35272b899cd0d76815</split:id>
      <split:reconciled-state>n</split:reconciled-state>
      <split:value>131873/100</split:value>
      <split:quantity>131873/100</split:quantity>
      <split:account type="guid">ab52d1a8fbd5883a788d51bd29c77e84</split:account>
    </trn:split>
  </trn:splits>
</gnc:transaction>
<gnc:transaction version="2.0.0">
  <trn:id type="guid">068e74d0d92645e4d2f3b45fd085e380</trn:id>
  <trn:num>226</trn:num>
  <trn:date-posted>
    <ts:date>1997-01-10 00:00:00 -0500</ts:date>
  </trn:date-posted>
  <trn:date-entered>
    <ts:date>2001-03-26 15:43:52 -0500</ts:date>
    <ts:ns>459321000</ts:ns>
  </trn:date-entered>
  <trn:description>W Bank</trn:description>
  <trn:splits>
    <trn:split>
      <split:id type="guid">4d9c764c8fabe5660a8d21c3bdb70601</split:id>
      <split:reconciled-state>n</split:reconciled-state>
      <split:value>31535/100</split:value>
      <split:quantity>31535/100</split:quantity>
      <split:account type="guid">5fc1c6a2a79889318f644120ac82c8ee</split:account>
    </trn:split>
    <trn:split>
      <split:id type="guid">3e8c2ff1bbdd75856323bce05ac6be6e</split:id>
      <split:reconciled-state>n</split:reconciled-state>
      <split:value>-31535/100</split:value>
      <split:quantity>-31535/100</split:quantity>
      <split:account type="guid">ab52d1a8fbd5883a788d51bd29c77e84</split:account>
    </trn:split>
  </trn:splits>
</gnc:transaction>
<gnc:transaction version="2.0.0">
  <trn:id type="guid">bf09d118378c87abb11007ad6dd8ce82</trn:id>
  <trn:num>227</trn:num>
  <trn:date-posted>
    <ts:date>1997-01-10 00:00:00 -0500</ts:date>
  </trn:date-posted>
  <trn:date-entered>
    <ts:date>2001-03-26 15:43:52 -0500</ts:date>
    <ts:ns>462643000</ts:ns>
  </trn:date-entered>
  <trn:description>Pacific Bell</trn:description>
  <trn:splits>
    <trn:split>
      <split:id type="guid">39d189e8299b7603666deec3bda87cd5</split:id>
      <split:reconciled-state>n</split:reconciled-state>
      <split:value>1707/100</split:value>
      <split:quantity>1707/100</split:quantity>
      <split:account type="guid">8d9a8e4928257f0b0aaee042057d8012</split:account>
    </trn:split>
    <trn:split>
      <split:id type="guid">88036c73327945790bb9a9c08c7dac17</split:id>
      <split:reconciled-state>n</split:reconciled-state>
      <split:value>-1707/100</split:value>
      <split:quantity>-1707/100</split:quantity>
      <split:account type="guid">ab52d1a8fbd5883a788d51bd29c77e84</split:account>
    </trn:split>
  </trn:splits>
</gnc:transaction>
<gnc:transaction version="2.0.0">
  <trn:id type="guid">303d54dedff263a91e6cb51a4b26c4da</trn:id>
  <trn:num>228</trn:num>
  <trn:date-posted>
    <ts:date>1997-01-10 00:00:00 -0500</ts:date>
  </trn:date-posted>
  <trn:date-entered>
    <ts:date>2001-03-26 15:43:52 -0500</ts:date>
    <ts:ns>467534000</ts:ns>
  </trn:date-entered>
  <trn:description>Pacific Bell</trn:description>
  <trn:splits>
    <trn:split>
      <split:id type="guid">ca1bcf2e2dd6f0cd4a9a7628664eddb3</split:id>
      <split:reconciled-state>n</split:reconciled-state>
      <split:value>1626/100</split:value>
      <split:quantity>1626/100</split:quantity>
      <split:account type="guid">8d9a8e4928257f0b0aaee042057d8012</split:account>
    </trn:split>
    <trn:split>
      <split:id type="guid">9b22f04de4a412973edda84b6595e58f</split:id>
      <split:reconciled-state>n</split:reconciled-state>
      <split:value>-1626/100</split:value>
      <split:quantity>-1626/100</split:quantity>
      <split:account type="guid">ab52d1a8fbd5883a788d51bd29c77e84</split:account>
    </trn:split>
  </trn:splits>
</gnc:transaction>
<gnc:transaction version="2.0.0">
  <trn:id type="guid">6343a2e1654477b9b54141392667737d</trn:id>
  <trn:num>229</trn:num>
  <trn:date-posted>
    <ts:date>1997-01-13 00:00:00 -0500</ts:date>
  </trn:date-posted>
  <trn:date-entered>
    <ts:date>2001-03-26 15:43:52 -0500</ts:date>
    <ts:ns>470852000</ts:ns>
  </trn:date-entered>
  <trn:description>C</trn:description>
  <trn:splits>
    <trn:split>
      <split:id type="guid">c6579b6c63dd0564c70542038736314b</split:id>
      <split:reconciled-state>n</split:reconciled-state>
      <split:value>680327/100</split:value>
      <split:quantity>680327/100</split:quantity>
      <split:account type="guid">5fc1c6a2a79889318f644120ac82c8ee</split:account>
    </trn:split>
    <trn:split>
      <split:id type="guid">8839e3cf3943596f1f2bf74f58e864d6</split:id>
      <split:reconciled-state>n</split:reconciled-state>
      <split:value>-680327/100</split:value>
      <split:quantity>-680327/100</split:quantity>
      <split:account type="guid">ab52d1a8fbd5883a788d51bd29c77e84</split:account>
    </trn:split>
  </trn:splits>
</gnc:transaction>
<gnc:transaction version="2.0.0">
  <trn:id type="guid">4fecc1c9b6010bf89908640fd812cba2</trn:id>
  <trn:num>230</trn:num>
  <trn:date-posted>
    <ts:date>1997-01-13 00:00:00 -0500</ts:date>
  </trn:date-posted>
  <trn:date-entered>
    <ts:date>2001-03-26 15:43:52 -0500</ts:date>
    <ts:ns>475292000</ts:ns>
  </trn:date-entered>
  <trn:description>P.C.C.</trn:description>
  <trn:splits>
    <trn:split>
      <split:id type="guid">e293f2d5d724ac399a68a3048181bc93</split:id>
      <split:reconciled-state>n</split:reconciled-state>
      <split:value>2311/100</split:value>
      <split:quantity>2311/100</split:quantity>
      <split:account type="guid">9defb6c42135fa2f4036762c8926c8ca</split:account>
    </trn:split>
    <trn:split>
      <split:id type="guid">ca83e0c3714b32d9e401a945d38db33f</split:id>
      <split:reconciled-state>n</split:reconciled-state>
      <split:value>-2311/100</split:value>
      <split:quantity>-2311/100</split:quantity>
      <split:account type="guid">ab52d1a8fbd5883a788d51bd29c77e84</split:account>
    </trn:split>
  </trn:splits>
</gnc:transaction>
<gnc:transaction version="2.0.0">
  <trn:id type="guid">460e51588f368b8e84ad9aa772ec165b</trn:id>
  <trn:num>231</trn:num>
  <trn:date-posted>
    <ts:date>1997-01-13 00:00:00 -0500</ts:date>
  </trn:date-posted>
  <trn:date-entered>
    <ts:date>2001-03-26 15:43:52 -0500</ts:date>
    <ts:ns>478886000</ts:ns>
  </trn:date-entered>
  <trn:description>DWV</trn:description>
  <trn:splits>
    <trn:split>
      <split:id type="guid">c0f7c0c3e7beb68ddaf8c6c60db3e4d2</split:id>
      <split:reconciled-state>n</split:reconciled-state>
      <split:value>1200/100</split:value>
      <split:quantity>1200/100</split:quantity>
      <split:account type="guid">74446cb1e9d9fb729f0d002aea325430</split:account>
    </trn:split>
    <trn:split>
      <split:id type="guid">27dd616c8a76bb6673080628dd18a838</split:id>
      <split:reconciled-state>n</split:reconciled-state>
      <split:value>-1200/100</split:value>
      <split:quantity>-1200/100</split:quantity>
      <split:account type="guid">ab52d1a8fbd5883a788d51bd29c77e84</split:account>
    </trn:split>
  </trn:splits>
</gnc:transaction>
<gnc:transaction version="2.0.0">
  <trn:id type="guid">735654b22025b9f8ad8a22ce96a2dbb9</trn:id>
  <trn:date-posted>
    <ts:date>1997-01-20 00:00:00 -0500</ts:date>
  </trn:date-posted>
  <trn:date-entered>
    <ts:date>2001-03-26 15:43:52 -0500</ts:date>
    <ts:ns>482153000</ts:ns>
  </trn:date-entered>
  <trn:description>C Master Card</trn:description>
  <trn:splits>
    <trn:split>
      <split:id type="guid">f03653c9b32d51e3f1e4a8a5a65a693b</split:id>
      <split:reconciled-state>n</split:reconciled-state>
      <split:value>-17096/100</split:value>
      <split:quantity>-17096/100</split:quantity>
      <split:account type="guid">5fc1c6a2a79889318f644120ac82c8ee</split:account>
    </trn:split>
    <trn:split>
      <split:id type="guid">63c3fc193b315eefd3c1fd6f9f96d897</split:id>
      <split:reconciled-state>n</split:reconciled-state>
      <split:value>17096/100</split:value>
      <split:quantity>17096/100</split:quantity>
      <split:account type="guid">ab52d1a8fbd5883a788d51bd29c77e84</split:account>
    </trn:split>
  </trn:splits>
</gnc:transaction>
<gnc:transaction version="2.0.0">
  <trn:id type="guid">592aed41008b941447d1d4bcdb94822e</trn:id>
  <trn:date-posted>
    <ts:date>1997-01-20 00:00:00 -0500</ts:date>
  </trn:date-posted>
  <trn:date-entered>
    <ts:date>2001-03-26 15:43:52 -0500</ts:date>
    <ts:ns>488775000</ts:ns>
  </trn:date-entered>
  <trn:description>Boss1</trn:description>
  <trn:splits>
    <trn:split>
      <split:id type="guid">820242db57c538d05bc6fb752e8427ae</split:id>
      <split:reconciled-state>n</split:reconciled-state>
      <split:value>-13017/100</split:value>
      <split:quantity>-13017/100</split:quantity>
      <split:account type="guid">60a59d2467d55241a1f13d5c0c43fa1b</split:account>
    </trn:split>
    <trn:split>
      <split:id type="guid">186f8f8bde40f01681a93eaf2de72528</split:id>
      <split:reconciled-state>n</split:reconciled-state>
      <split:value>13017/100</split:value>
      <split:quantity>13017/100</split:quantity>
      <split:account type="guid">ab52d1a8fbd5883a788d51bd29c77e84</split:account>
    </trn:split>
  </trn:splits>
</gnc:transaction>
<gnc:transaction version="2.0.0">
  <trn:id type="guid">74c9364b0a8b94aeb08b2383268782f5</trn:id>
  <trn:num>232</trn:num>
  <trn:date-posted>
    <ts:date>1997-01-20 00:00:00 -0500</ts:date>
  </trn:date-posted>
  <trn:date-entered>
    <ts:date>2001-03-26 15:43:52 -0500</ts:date>
    <ts:ns>492079000</ts:ns>
  </trn:date-entered>
  <trn:description>PC</trn:description>
  <trn:splits>
    <trn:split>
      <split:id type="guid">8e9d4a71a15aee3dcf078b1a8cec4a71</split:id>
      <split:reconciled-state>n</split:reconciled-state>
      <split:value>7498/100</split:value>
      <split:quantity>7498/100</split:quantity>
      <split:account type="guid">9defb6c42135fa2f4036762c8926c8ca</split:account>
    </trn:split>
    <trn:split>
      <split:id type="guid">c24cef8e60671892a5930c725d129b7e</split:id>
      <split:reconciled-state>n</split:reconciled-state>
      <split:value>-7498/100</split:value>
      <split:quantity>-7498/100</split:quantity>
      <split:account type="guid">ab52d1a8fbd5883a788d51bd29c77e84</split:account>
    </trn:split>
  </trn:splits>
</gnc:transaction>
<gnc:transaction version="2.0.0">
  <trn:id type="guid">106ab0176f02a9405ee3c66a3e60c18c</trn:id>
  <trn:num>233</trn:num>
  <trn:date-posted>
    <ts:date>1997-01-25 00:00:00 -0500</ts:date>
  </trn:date-posted>
  <trn:date-entered>
    <ts:date>2001-03-26 15:43:52 -0500</ts:date>
    <ts:ns>508842000</ts:ns>
  </trn:date-entered>
  <trn:description>NB</trn:description>
  <trn:splits>
    <trn:split>
      <split:id type="guid">de2fc1757cc61edf78440778a3e0160e</split:id>
      <split:reconciled-state>n</split:reconciled-state>
      <split:value>151053/100</split:value>
      <split:quantity>151053/100</split:quantity>
      <split:account type="guid">5fc1c6a2a79889318f644120ac82c8ee</split:account>
    </trn:split>
    <trn:split>
      <split:id type="guid">48bf9b20c837a8149855f8c3a8475756</split:id>
      <split:reconciled-state>n</split:reconciled-state>
      <split:value>-151053/100</split:value>
      <split:quantity>-151053/100</split:quantity>
      <split:account type="guid">ab52d1a8fbd5883a788d51bd29c77e84</split:account>
    </trn:split>
  </trn:splits>
</gnc:transaction>
<gnc:transaction version="2.0.0">
  <trn:id type="guid">5077695379011b26b6d41a5b3720bc7c</trn:id>
  <trn:num>234</trn:num>
  <trn:date-posted>
    <ts:date>1997-01-31 00:00:00 -0500</ts:date>
  </trn:date-posted>
  <trn:date-entered>
    <ts:date>2001-03-26 15:43:52 -0500</ts:date>
    <ts:ns>512202000</ts:ns>
  </trn:date-entered>
  <trn:description>Landlord</trn:description>
  <trn:splits>
    <trn:split>
      <split:id type="guid">f7d85b8b01438f8cfd6bde938bd4a701</split:id>
      <split:reconciled-state>n</split:reconciled-state>
      <split:value>52500/100</split:value>
      <split:quantity>52500/100</split:quantity>
      <split:account type="guid">329b2c5196efdaf54e1321e05b9f0875</split:account>
    </trn:split>
    <trn:split>
      <split:id type="guid">fba2fe633d45c6f56e5627156f8ee687</split:id>
      <split:reconciled-state>n</split:reconciled-state>
      <split:value>-52500/100</split:value>
      <split:quantity>-52500/100</split:quantity>
      <split:account type="guid">ab52d1a8fbd5883a788d51bd29c77e84</split:account>
    </trn:split>
  </trn:splits>
</gnc:transaction>
<gnc:transaction version="2.0.0">
  <trn:id type="guid">981db9b1911401ff58e7c13821f33067</trn:id>
  <trn:num>235</trn:num>
  <trn:date-posted>
    <ts:date>1997-02-06 00:00:00 -0500</ts:date>
  </trn:date-posted>
  <trn:date-entered>
    <ts:date>2001-03-26 15:43:52 -0500</ts:date>
    <ts:ns>517500000</ts:ns>
  </trn:date-entered>
  <trn:description>LDPC</trn:description>
  <trn:splits>
    <trn:split>
      <split:id type="guid">de2486ff4869026c28e2a269ba8a2e45</split:id>
      <split:reconciled-state>n</split:reconciled-state>
      <split:value>335/100</split:value>
      <split:quantity>335/100</split:quantity>
      <split:account type="guid">8d9a8e4928257f0b0aaee042057d8012</split:account>
    </trn:split>
    <trn:split>
      <split:id type="guid">d7267288e06524de8254fcc8394b7cdf</split:id>
      <split:reconciled-state>n</split:reconciled-state>
      <split:value>-335/100</split:value>
      <split:quantity>-335/100</split:quantity>
      <split:account type="guid">ab52d1a8fbd5883a788d51bd29c77e84</split:account>
    </trn:split>
  </trn:splits>
</gnc:transaction>
<gnc:transaction version="2.0.0">
  <trn:id type="guid">7e5db81c3b4899c562c2d8c8d7fcc7be</trn:id>
  <trn:num>236</trn:num>
  <trn:date-posted>
    <ts:date>1997-02-06 00:00:00 -0500</ts:date>
  </trn:date-posted>
  <trn:date-entered>
    <ts:date>2001-03-26 15:43:52 -0500</ts:date>
    <ts:ns>520886000</ts:ns>
  </trn:date-entered>
  <trn:description>BN</trn:description>
  <trn:splits>
    <trn:split>
      <split:id type="guid">1952bc2fd059541937e8d5b8f6de7133</split:id>
      <split:reconciled-state>n</split:reconciled-state>
      <split:value>30232/100</split:value>
      <split:quantity>30232/100</split:quantity>
      <split:account type="guid">5fc1c6a2a79889318f644120ac82c8ee</split:account>
    </trn:split>
    <trn:split>
      <split:id type="guid">bea949cf0b653173e02e5747683ee425</split:id>
      <split:reconciled-state>n</split:reconciled-state>
      <split:value>-30232/100</split:value>
      <split:quantity>-30232/100</split:quantity>
      <split:account type="guid">ab52d1a8fbd5883a788d51bd29c77e84</split:account>
    </trn:split>
  </trn:splits>
</gnc:transaction>
<gnc:transaction version="2.0.0">
  <trn:id type="guid">623285c9fa3c25c378d86939a858ae47</trn:id>
  <trn:num>237</trn:num>
  <trn:date-posted>
    <ts:date>1997-02-06 00:00:00 -0500</ts:date>
  </trn:date-posted>
  <trn:date-entered>
    <ts:date>2001-03-26 15:43:52 -0500</ts:date>
    <ts:ns>525629000</ts:ns>
  </trn:date-entered>
  <trn:description></trn:description>
  <trn:splits>
    <trn:split>
      <split:id type="guid">70ded020b2233741773d5787ab7e8a59</split:id>
      <split:reconciled-state>n</split:reconciled-state>
      <split:value>3391/100</split:value>
      <split:quantity>3391/100</split:quantity>
      <split:account type="guid">9defb6c42135fa2f4036762c8926c8ca</split:account>
    </trn:split>
    <trn:split>
      <split:id type="guid">70bd7cdccd92d30660179dd28393a50a</split:id>
      <split:reconciled-state>n</split:reconciled-state>
      <split:value>-3391/100</split:value>
      <split:quantity>-3391/100</split:quantity>
      <split:account type="guid">ab52d1a8fbd5883a788d51bd29c77e84</split:account>
    </trn:split>
  </trn:splits>
</gnc:transaction>
<gnc:transaction version="2.0.0">
  <trn:id type="guid">e2366d2e7499896d7a12a9dd7ea82652</trn:id>
  <trn:num>238</trn:num>
  <trn:date-posted>
    <ts:date>1997-02-06 00:00:00 -0500</ts:date>
  </trn:date-posted>
  <trn:date-entered>
    <ts:date>2001-03-26 15:43:52 -0500</ts:date>
    <ts:ns>529106000</ts:ns>
  </trn:date-entered>
  <trn:description></trn:description>
  <trn:splits>
    <trn:split>
      <split:id type="guid">aeb878c3da824b10b4b1691b28faea92</split:id>
      <split:reconciled-state>n</split:reconciled-state>
      <split:value>7722/100</split:value>
      <split:quantity>7722/100</split:quantity>
      <split:account type="guid">9defb6c42135fa2f4036762c8926c8ca</split:account>
    </trn:split>
    <trn:split>
      <split:id type="guid">a5ac8bb14a7da137602bb8312ea1507f</split:id>
      <split:reconciled-state>n</split:reconciled-state>
      <split:value>-7722/100</split:value>
      <split:quantity>-7722/100</split:quantity>
      <split:account type="guid">ab52d1a8fbd5883a788d51bd29c77e84</split:account>
    </trn:split>
  </trn:splits>
</gnc:transaction>
<gnc:transaction version="2.0.0">
  <trn:id type="guid">6a165fc10b3d9c4b20cb25ba3ea4a1c6</trn:id>
  <trn:date-posted>
    <ts:date>1997-02-07 00:00:00 -0500</ts:date>
  </trn:date-posted>
  <trn:date-entered>
    <ts:date>2001-03-26 15:43:52 -0500</ts:date>
    <ts:ns>532437000</ts:ns>
  </trn:date-entered>
  <trn:description>Power Co.</trn:description>
  <trn:splits>
    <trn:split>
      <split:id type="guid">4911061c6a78c0a8f5a789949bb03945</split:id>
      <split:reconciled-state>n</split:reconciled-state>
      <split:value>2143/100</split:value>
      <split:quantity>2143/100</split:quantity>
      <split:account type="guid">92b05cc5070282b02b05e60f161a5882</split:account>
    </trn:split>
    <trn:split>
      <split:id type="guid">b3f9a114abaafc395d9c816b15174f85</split:id>
      <split:reconciled-state>n</split:reconciled-state>
      <split:value>-2143/100</split:value>
      <split:quantity>-2143/100</split:quantity>
      <split:account type="guid">ab52d1a8fbd5883a788d51bd29c77e84</split:account>
    </trn:split>
  </trn:splits>
</gnc:transaction>
<gnc:transaction version="2.0.0">
  <trn:id type="guid">28f8eaa0613af2a549293c6f40e7a2a2</trn:id>
  <trn:date-posted>
    <ts:date>1997-02-10 00:00:00 -0500</ts:date>
  </trn:date-posted>
  <trn:date-entered>
    <ts:date>2001-03-26 15:43:52 -0500</ts:date>
    <ts:ns>537275000</ts:ns>
  </trn:date-entered>
  <trn:description>School</trn:description>
  <trn:splits>
    <trn:split>
      <split:id type="guid">fedd8785ce35b56c9e0d4347a2dde6d4</split:id>
      <split:reconciled-state>n</split:reconciled-state>
      <split:value>-131873/100</split:value>
      <split:quantity>-131873/100</split:quantity>
      <split:account type="guid">4da6e3f697287c126a6827efd63a0b43</split:account>
    </trn:split>
    <trn:split>
      <split:id type="guid">ee757456393d407ab066221d75df15e5</split:id>
      <split:reconciled-state>n</split:reconciled-state>
      <split:value>131873/100</split:value>
      <split:quantity>131873/100</split:quantity>
      <split:account type="guid">ab52d1a8fbd5883a788d51bd29c77e84</split:account>
    </trn:split>
  </trn:splits>
</gnc:transaction>
<gnc:transaction version="2.0.0">
  <trn:id type="guid">3816d09ab7393110551bbb59cc69f5bf</trn:id>
  <trn:date-posted>
    <ts:date>1997-02-11 00:00:00 -0500</ts:date>
  </trn:date-posted>
  <trn:date-entered>
    <ts:date>2001-03-26 15:43:52 -0500</ts:date>
    <ts:ns>540603000</ts:ns>
  </trn:date-entered>
  <trn:description>Boss1</trn:description>
  <trn:splits>
    <trn:split>
      <split:id type="guid">d405e8bbbf242bc69e6242e2a27a029f</split:id>
      <split:reconciled-state>n</split:reconciled-state>
      <split:value>-199603/100</split:value>
      <split:quantity>-199603/100</split:quantity>
      <split:account type="guid">4da6e3f697287c126a6827efd63a0b43</split:account>
    </trn:split>
    <trn:split>
      <split:id type="guid">ba90582969349f61b8706340436526e3</split:id>
      <split:reconciled-state>n</split:reconciled-state>
      <split:value>199603/100</split:value>
      <split:quantity>199603/100</split:quantity>
      <split:account type="guid">ab52d1a8fbd5883a788d51bd29c77e84</split:account>
    </trn:split>
  </trn:splits>
</gnc:transaction>
<gnc:transaction version="2.0.0">
  <trn:id type="guid">2aade6f549b63446db480424074f2e4f</trn:id>
  <trn:date-posted>
    <ts:date>1997-02-11 00:00:00 -0500</ts:date>
  </trn:date-posted>
  <trn:date-entered>
    <ts:date>2001-03-26 15:43:52 -0500</ts:date>
    <ts:ns>553538000</ts:ns>
  </trn:date-entered>
  <trn:description>Cash</trn:description>
  <trn:splits>
    <trn:split>
      <split:id type="guid">9d2385274ec67b2eaba6ddf09d8baf4c</split:id>
      <split:reconciled-state>n</split:reconciled-state>
      <split:value>-80000/100</split:value>
      <split:quantity>-80000/100</split:quantity>
      <split:account type="guid">9defb6c42135fa2f4036762c8926c8ca</split:account>
    </trn:split>
    <trn:split>
      <split:id type="guid">dc1487ac053a15c80b09b34eb8c23794</split:id>
      <split:reconciled-state>n</split:reconciled-state>
      <split:value>80000/100</split:value>
      <split:quantity>80000/100</split:quantity>
      <split:account type="guid">ab52d1a8fbd5883a788d51bd29c77e84</split:account>
    </trn:split>
  </trn:splits>
</gnc:transaction>
<gnc:transaction version="2.0.0">
  <trn:id type="guid">d6b73506faf50e51335ab7d1c49189a2</trn:id>
  <trn:num>239</trn:num>
  <trn:date-posted>
    <ts:date>1997-02-11 00:00:00 -0500</ts:date>
  </trn:date-posted>
  <trn:date-entered>
    <ts:date>2001-03-26 15:43:52 -0500</ts:date>
    <ts:ns>557560000</ts:ns>
  </trn:date-entered>
  <trn:description>CAF</trn:description>
  <trn:splits>
    <trn:split>
      <split:id type="guid">5a9879799ddfbd30412dc8bca9a0acaa</split:id>
      <split:reconciled-state>n</split:reconciled-state>
      <split:value>30000/100</split:value>
      <split:quantity>30000/100</split:quantity>
      <split:account type="guid">3451d55fd6957c001991ac7b98402b04</split:account>
    </trn:split>
    <trn:split>
      <split:id type="guid">0ba8cfedec4d16bc594970aabcfa2d87</split:id>
      <split:reconciled-state>n</split:reconciled-state>
      <split:value>-30000/100</split:value>
      <split:quantity>-30000/100</split:quantity>
      <split:account type="guid">ab52d1a8fbd5883a788d51bd29c77e84</split:account>
    </trn:split>
  </trn:splits>
</gnc:transaction>
<gnc:transaction version="2.0.0">
  <trn:id type="guid">78b99452bdcdecb8d63b9390be80eae4</trn:id>
  <trn:num>240</trn:num>
  <trn:date-posted>
    <ts:date>1997-02-11 00:00:00 -0500</ts:date>
  </trn:date-posted>
  <trn:date-entered>
    <ts:date>2001-03-26 15:43:52 -0500</ts:date>
    <ts:ns>560832000</ts:ns>
  </trn:date-entered>
  <trn:description>City</trn:description>
  <trn:splits>
    <trn:split>
      <split:id type="guid">83a2eebda4369578a71bbcb278b61071</split:id>
      <split:reconciled-state>n</split:reconciled-state>
      <split:value>5000/100</split:value>
      <split:quantity>5000/100</split:quantity>
      <split:account type="guid">74446cb1e9d9fb729f0d002aea325430</split:account>
    </trn:split>
    <trn:split>
      <split:id type="guid">61b7931fe91a68af2e32c7c94df47a42</split:id>
      <split:reconciled-state>n</split:reconciled-state>
      <split:value>-5000/100</split:value>
      <split:quantity>-5000/100</split:quantity>
      <split:account type="guid">ab52d1a8fbd5883a788d51bd29c77e84</split:account>
    </trn:split>
  </trn:splits>
</gnc:transaction>
<gnc:transaction version="2.0.0">
  <trn:id type="guid">f3d060a115a4be3774d61fdb8e902a63</trn:id>
  <trn:date-posted>
    <ts:date>1997-02-12 00:00:00 -0500</ts:date>
  </trn:date-posted>
  <trn:date-entered>
    <ts:date>2001-03-26 15:43:52 -0500</ts:date>
    <ts:ns>566132000</ts:ns>
  </trn:date-entered>
  <trn:description>Cash</trn:description>
  <trn:splits>
    <trn:split>
      <split:id type="guid">092d80ec5d65fde0ac6ead589cd5f92f</split:id>
      <split:reconciled-state>n</split:reconciled-state>
      <split:value>6150/100</split:value>
      <split:quantity>6150/100</split:quantity>
      <split:account type="guid">9defb6c42135fa2f4036762c8926c8ca</split:account>
    </trn:split>
    <trn:split>
      <split:id type="guid">feee66ad4fbb2ed0c663dac7bd83b258</split:id>
      <split:reconciled-state>n</split:reconciled-state>
      <split:value>-6150/100</split:value>
      <split:quantity>-6150/100</split:quantity>
      <split:account type="guid">ab52d1a8fbd5883a788d51bd29c77e84</split:account>
    </trn:split>
  </trn:splits>
</gnc:transaction>
<gnc:transaction version="2.0.0">
  <trn:id type="guid">4cfee07d500b18b3e032eb60f6deff22</trn:id>
  <trn:date-posted>
    <ts:date>1997-02-12 00:00:00 -0500</ts:date>
  </trn:date-posted>
  <trn:date-entered>
    <ts:date>2001-03-26 15:43:52 -0500</ts:date>
    <ts:ns>569607000</ts:ns>
  </trn:date-entered>
  <trn:description>Cash</trn:description>
  <trn:splits>
    <trn:split>
      <split:id type="guid">298cc3ccfddcdfbff733ada6f776798b</split:id>
      <split:reconciled-state>n</split:reconciled-state>
      <split:value>150/100</split:value>
      <split:quantity>150/100</split:quantity>
      <split:account type="guid">94f1725a16858da2a9832cec4d7c78fa</split:account>
    </trn:split>
    <trn:split>
      <split:id type="guid">f3ef4110d5aa8b1cc264e52c64b35e35</split:id>
      <split:reconciled-state>n</split:reconciled-state>
      <split:value>-150/100</split:value>
      <split:quantity>-150/100</split:quantity>
      <split:account type="guid">ab52d1a8fbd5883a788d51bd29c77e84</split:account>
    </trn:split>
  </trn:splits>
</gnc:transaction>
<gnc:transaction version="2.0.0">
  <trn:id type="guid">f5d03cfc591689004f0123a0e08cb79c</trn:id>
  <trn:num>241</trn:num>
  <trn:date-posted>
    <ts:date>1997-02-19 00:00:00 -0500</ts:date>
  </trn:date-posted>
  <trn:date-entered>
    <ts:date>2001-03-26 15:43:52 -0500</ts:date>
    <ts:ns>573105000</ts:ns>
  </trn:date-entered>
  <trn:description>Pacific Bell</trn:description>
  <trn:splits>
    <trn:split>
      <split:id type="guid">2bfa2759cd7544f7989c8d3ae5bff3a0</split:id>
      <split:reconciled-state>n</split:reconciled-state>
      <split:value>1610/100</split:value>
      <split:quantity>1610/100</split:quantity>
      <split:account type="guid">8d9a8e4928257f0b0aaee042057d8012</split:account>
    </trn:split>
    <trn:split>
      <split:id type="guid">10c54193a837cd30401b415707a45696</split:id>
      <split:reconciled-state>n</split:reconciled-state>
      <split:value>-1610/100</split:value>
      <split:quantity>-1610/100</split:quantity>
      <split:account type="guid">ab52d1a8fbd5883a788d51bd29c77e84</split:account>
    </trn:split>
  </trn:splits>
</gnc:transaction>
<gnc:transaction version="2.0.0">
  <trn:id type="guid">7980ac4ffe2c6d148012383ddee31724</trn:id>
  <trn:num>242</trn:num>
  <trn:date-posted>
    <ts:date>1997-02-19 00:00:00 -0500</ts:date>
  </trn:date-posted>
  <trn:date-entered>
    <ts:date>2001-03-26 15:43:52 -0500</ts:date>
    <ts:ns>579170000</ts:ns>
  </trn:date-entered>
  <trn:description>NB</trn:description>
  <trn:splits>
    <trn:split>
      <split:id type="guid">184c093e3d5a3a43bbf920db69896a63</split:id>
      <split:reconciled-state>n</split:reconciled-state>
      <split:value>60486/100</split:value>
      <split:quantity>60486/100</split:quantity>
      <split:account type="guid">5fc1c6a2a79889318f644120ac82c8ee</split:account>
    </trn:split>
    <trn:split>
      <split:id type="guid">e6e4db6627ad72dc98927608919742f5</split:id>
      <split:reconciled-state>n</split:reconciled-state>
      <split:value>-60486/100</split:value>
      <split:quantity>-60486/100</split:quantity>
      <split:account type="guid">ab52d1a8fbd5883a788d51bd29c77e84</split:account>
    </trn:split>
  </trn:splits>
</gnc:transaction>
<gnc:transaction version="2.0.0">
  <trn:id type="guid">eedd158ca6ce1c9ca48027b4be9563e9</trn:id>
  <trn:num>243</trn:num>
  <trn:date-posted>
    <ts:date>1997-02-19 00:00:00 -0500</ts:date>
  </trn:date-posted>
  <trn:date-entered>
    <ts:date>2001-03-26 15:43:52 -0500</ts:date>
    <ts:ns>582956000</ts:ns>
  </trn:date-entered>
  <trn:description>C Master Card</trn:description>
  <trn:splits>
    <trn:split>
      <split:id type="guid">66234970380282cba6f89e868d52f81c</split:id>
      <split:reconciled-state>n</split:reconciled-state>
      <split:value>62141/100</split:value>
      <split:quantity>62141/100</split:quantity>
      <split:account type="guid">5fc1c6a2a79889318f644120ac82c8ee</split:account>
    </trn:split>
    <trn:split>
      <split:id type="guid">59c5fb45451b70bf0ae45f3efa4151ae</split:id>
      <split:reconciled-state>n</split:reconciled-state>
      <split:value>-62141/100</split:value>
      <split:quantity>-62141/100</split:quantity>
      <split:account type="guid">ab52d1a8fbd5883a788d51bd29c77e84</split:account>
    </trn:split>
  </trn:splits>
</gnc:transaction>
<gnc:transaction version="2.0.0">
  <trn:id type="guid">f08803c9a31de343e3da4106a8750765</trn:id>
  <trn:num>244</trn:num>
  <trn:date-posted>
    <ts:date>1997-02-19 00:00:00 -0500</ts:date>
  </trn:date-posted>
  <trn:date-entered>
    <ts:date>2001-03-26 15:43:52 -0500</ts:date>
    <ts:ns>591970000</ts:ns>
  </trn:date-entered>
  <trn:description>PC</trn:description>
  <trn:splits>
    <trn:split>
      <split:id type="guid">27067851a5a891ecd86ddf35ff8e62f7</split:id>
      <split:reconciled-state>n</split:reconciled-state>
      <split:value>21583/100</split:value>
      <split:quantity>21583/100</split:quantity>
      <split:account type="guid">5fc1c6a2a79889318f644120ac82c8ee</split:account>
    </trn:split>
    <trn:split>
      <split:id type="guid">6d05242aea96343a8f168d2319cff39d</split:id>
      <split:reconciled-state>n</split:reconciled-state>
      <split:value>-21583/100</split:value>
      <split:quantity>-21583/100</split:quantity>
      <split:account type="guid">ab52d1a8fbd5883a788d51bd29c77e84</split:account>
    </trn:split>
  </trn:splits>
</gnc:transaction>
<gnc:transaction version="2.0.0">
  <trn:id type="guid">6ece4d7a1c447ec807770b55bd9ab3be</trn:id>
  <trn:num>245</trn:num>
  <trn:date-posted>
    <ts:date>1997-02-19 00:00:00 -0500</ts:date>
  </trn:date-posted>
  <trn:date-entered>
    <ts:date>2001-03-26 15:43:52 -0500</ts:date>
    <ts:ns>602746000</ts:ns>
  </trn:date-entered>
  <trn:description>AUC</trn:description>
  <trn:splits>
    <trn:split>
      <split:id type="guid">a6d6b312d86ef6e0494643eb00c14140</split:id>
      <split:reconciled-state>n</split:reconciled-state>
      <split:value>350/100</split:value>
      <split:quantity>350/100</split:quantity>
      <split:account type="guid">5fc1c6a2a79889318f644120ac82c8ee</split:account>
    </trn:split>
    <trn:split>
      <split:id type="guid">7e6ea743f6b7f7b9951fa18a4fe7f6a0</split:id>
      <split:reconciled-state>n</split:reconciled-state>
      <split:value>-350/100</split:value>
      <split:quantity>-350/100</split:quantity>
      <split:account type="guid">ab52d1a8fbd5883a788d51bd29c77e84</split:account>
    </trn:split>
  </trn:splits>
</gnc:transaction>
<gnc:transaction version="2.0.0">
  <trn:id type="guid">d2018c35add9d2b262b7509ecf29eeab</trn:id>
  <trn:num>246</trn:num>
  <trn:date-posted>
    <ts:date>1997-02-19 00:00:00 -0500</ts:date>
  </trn:date-posted>
  <trn:date-entered>
    <ts:date>2001-03-26 15:43:52 -0500</ts:date>
    <ts:ns>608475000</ts:ns>
  </trn:date-entered>
  <trn:description>HCA</trn:description>
  <trn:splits>
    <trn:split>
      <split:id type="guid">f6bebb35efb516c7583a8bec1135cdc1</split:id>
      <split:reconciled-state>n</split:reconciled-state>
      <split:value>448/100</split:value>
      <split:quantity>448/100</split:quantity>
      <split:account type="guid">baaf4f690ee338fe4b0cf67dd6c2bf8a</split:account>
    </trn:split>
    <trn:split>
      <split:id type="guid">41c8b22c30269a42634dd4e1f72e2a7d</split:id>
      <split:reconciled-state>n</split:reconciled-state>
      <split:value>-448/100</split:value>
      <split:quantity>-448/100</split:quantity>
      <split:account type="guid">ab52d1a8fbd5883a788d51bd29c77e84</split:account>
    </trn:split>
  </trn:splits>
</gnc:transaction>
<gnc:transaction version="2.0.0">
  <trn:id type="guid">ed552474f3ab1b4cc6d2218956f75e0f</trn:id>
  <trn:date-posted>
    <ts:date>1997-02-27 00:00:00 -0500</ts:date>
  </trn:date-posted>
  <trn:date-entered>
    <ts:date>2001-03-26 15:43:52 -0500</ts:date>
    <ts:ns>612462000</ts:ns>
  </trn:date-entered>
  <trn:description></trn:description>
  <trn:splits>
    <trn:split>
      <split:id type="guid">3b847da548ea51768f7a33acd2e66bce</split:id>
      <split:reconciled-state>n</split:reconciled-state>
      <split:value>-250000/100</split:value>
      <split:quantity>-250000/100</split:quantity>
      <split:account type="guid">6cdb61279507abc41065ae0cfc49e314</split:account>
    </trn:split>
    <trn:split>
      <split:id type="guid">b23fa8445e8aae5272eb49b2a37bd1d4</split:id>
      <split:reconciled-state>n</split:reconciled-state>
      <split:value>250000/100</split:value>
      <split:quantity>250000/100</split:quantity>
      <split:account type="guid">ab52d1a8fbd5883a788d51bd29c77e84</split:account>
    </trn:split>
  </trn:splits>
</gnc:transaction>
<gnc:transaction version="2.0.0">
  <trn:id type="guid">a487ff2fc3ce9255ac93f8dceb56877c</trn:id>
  <trn:date-posted>
    <ts:date>1997-02-27 00:00:00 -0500</ts:date>
  </trn:date-posted>
  <trn:date-entered>
    <ts:date>2001-03-26 15:43:52 -0500</ts:date>
    <ts:ns>616230000</ts:ns>
  </trn:date-entered>
  <trn:description>Boss1</trn:description>
  <trn:splits>
    <trn:split>
      <split:id type="guid">2de9dd4d409aed7fb0a2fef069dfc425</split:id>
      <split:reconciled-state>n</split:reconciled-state>
      <split:value>-125608/100</split:value>
      <split:quantity>-125608/100</split:quantity>
      <split:account type="guid">60a59d2467d55241a1f13d5c0c43fa1b</split:account>
    </trn:split>
    <trn:split>
      <split:id type="guid">e07e60818435429fdc83603f935acf7a</split:id>
      <split:reconciled-state>n</split:reconciled-state>
      <split:value>125608/100</split:value>
      <split:quantity>125608/100</split:quantity>
      <split:account type="guid">ab52d1a8fbd5883a788d51bd29c77e84</split:account>
    </trn:split>
  </trn:splits>
</gnc:transaction>
<gnc:transaction version="2.0.0">
  <trn:id type="guid">8ac0168472e08d89b57f3963aec0468b</trn:id>
  <trn:num>247</trn:num>
  <trn:date-posted>
    <ts:date>1997-02-27 00:00:00 -0500</ts:date>
  </trn:date-posted>
  <trn:date-entered>
    <ts:date>2001-03-26 15:43:52 -0500</ts:date>
    <ts:ns>619861000</ts:ns>
  </trn:date-entered>
  <trn:description>W Bank</trn:description>
  <trn:splits>
    <trn:split>
      <split:id type="guid">3e3bf2ddac3e25e47269701d44ce5453</split:id>
      <split:reconciled-state>n</split:reconciled-state>
      <split:value>261754/100</split:value>
      <split:quantity>261754/100</split:quantity>
      <split:account type="guid">5fc1c6a2a79889318f644120ac82c8ee</split:account>
    </trn:split>
    <trn:split>
      <split:id type="guid">67417405d30995a6a757d4b133e03de6</split:id>
      <split:reconciled-state>n</split:reconciled-state>
      <split:value>-261754/100</split:value>
      <split:quantity>-261754/100</split:quantity>
      <split:account type="guid">ab52d1a8fbd5883a788d51bd29c77e84</split:account>
    </trn:split>
  </trn:splits>
</gnc:transaction>
<gnc:transaction version="2.0.0">
  <trn:id type="guid">f8dddef70105ec69639039676cd8ed0b</trn:id>
  <trn:num>249</trn:num>
  <trn:date-posted>
    <ts:date>1997-02-27 00:00:00 -0500</ts:date>
  </trn:date-posted>
  <trn:date-entered>
    <ts:date>2001-03-26 15:43:52 -0500</ts:date>
    <ts:ns>623421000</ts:ns>
  </trn:date-entered>
  <trn:description>Siphon</trn:description>
  <trn:splits>
    <trn:split>
      <split:id type="guid">5e8238d981ea81eb7c6d34ab209cfadf</split:id>
      <split:reconciled-state>n</split:reconciled-state>
      <split:value>150000/100</split:value>
      <split:quantity>150000/100</split:quantity>
      <split:account type="guid">9defb6c42135fa2f4036762c8926c8ca</split:account>
    </trn:split>
    <trn:split>
      <split:id type="guid">23e1220d24b7d45f699f7edda9b55a42</split:id>
      <split:reconciled-state>n</split:reconciled-state>
      <split:value>-150000/100</split:value>
      <split:quantity>-150000/100</split:quantity>
      <split:account type="guid">ab52d1a8fbd5883a788d51bd29c77e84</split:account>
    </trn:split>
  </trn:splits>
</gnc:transaction>
<gnc:transaction version="2.0.0">
  <trn:id type="guid">c790b43cd97022b2a2ddb51372f153cc</trn:id>
  <trn:date-posted>
    <ts:date>1997-03-02 00:00:00 -0500</ts:date>
  </trn:date-posted>
  <trn:date-entered>
    <ts:date>2001-03-26 15:43:52 -0500</ts:date>
    <ts:ns>630005000</ts:ns>
  </trn:date-entered>
  <trn:description>Boss1</trn:description>
  <trn:splits>
    <trn:split>
      <split:id type="guid">ba0fb38b45665c40986563af5297b4a7</split:id>
      <split:reconciled-state>n</split:reconciled-state>
      <split:value>-199603/100</split:value>
      <split:quantity>-199603/100</split:quantity>
      <split:account type="guid">4da6e3f697287c126a6827efd63a0b43</split:account>
    </trn:split>
    <trn:split>
      <split:id type="guid">f05a3774c784d224ccc64471a7a04dcd</split:id>
      <split:reconciled-state>n</split:reconciled-state>
      <split:value>199603/100</split:value>
      <split:quantity>199603/100</split:quantity>
      <split:account type="guid">ab52d1a8fbd5883a788d51bd29c77e84</split:account>
    </trn:split>
  </trn:splits>
</gnc:transaction>
<gnc:transaction version="2.0.0">
  <trn:id type="guid">1a661288abf9f2a7b11cffb2fb18ad94</trn:id>
  <trn:num>248</trn:num>
  <trn:date-posted>
    <ts:date>1997-03-02 00:00:00 -0500</ts:date>
  </trn:date-posted>
  <trn:date-entered>
    <ts:date>2001-03-26 15:43:52 -0500</ts:date>
    <ts:ns>633489000</ts:ns>
  </trn:date-entered>
  <trn:description>Void</trn:description>
  <trn:splits>
    <trn:split>
      <split:id type="guid">c6f823af201e1f6c961831a769104e6a</split:id>
      <split:reconciled-state>n</split:reconciled-state>
      <split:value>0/100</split:value>
      <split:quantity>0/100</split:quantity>
      <split:account type="guid">9defb6c42135fa2f4036762c8926c8ca</split:account>
    </trn:split>
    <trn:split>
      <split:id type="guid">ac2598e139ef2ee6aed835c5754d5dd3</split:id>
      <split:reconciled-state>n</split:reconciled-state>
      <split:value>0/100</split:value>
      <split:quantity>0/100</split:quantity>
      <split:account type="guid">ab52d1a8fbd5883a788d51bd29c77e84</split:account>
    </trn:split>
  </trn:splits>
</gnc:transaction>
<gnc:transaction version="2.0.0">
  <trn:id type="guid">667068ff874ca5e7fe68df6f3eb5f2ab</trn:id>
  <trn:num>250</trn:num>
  <trn:date-posted>
    <ts:date>1997-03-02 00:00:00 -0500</ts:date>
  </trn:date-posted>
  <trn:date-entered>
    <ts:date>2001-03-26 15:43:52 -0500</ts:date>
    <ts:ns>638849000</ts:ns>
  </trn:date-entered>
  <trn:description>Landlord</trn:description>
  <trn:splits>
    <trn:split>
      <split:id type="guid">8cfdd80812cc2db7597e76070e0191bd</split:id>
      <split:reconciled-state>n</split:reconciled-state>
      <split:value>52500/100</split:value>
      <split:quantity>52500/100</split:quantity>
      <split:account type="guid">329b2c5196efdaf54e1321e05b9f0875</split:account>
    </trn:split>
    <trn:split>
      <split:id type="guid">7ab4b3fce54920d96384894d7fea6749</split:id>
      <split:reconciled-state>n</split:reconciled-state>
      <split:value>-52500/100</split:value>
      <split:quantity>-52500/100</split:quantity>
      <split:account type="guid">ab52d1a8fbd5883a788d51bd29c77e84</split:account>
    </trn:split>
  </trn:splits>
</gnc:transaction>
<gnc:transaction version="2.0.0">
  <trn:id type="guid">1543035a3b6345afb761a2de84865e7e</trn:id>
  <trn:date-posted>
    <ts:date>1997-03-04 00:00:00 -0500</ts:date>
  </trn:date-posted>
  <trn:date-entered>
    <ts:date>2001-03-26 15:43:52 -0500</ts:date>
    <ts:ns>642395000</ts:ns>
  </trn:date-entered>
  <trn:description>Coast Federal Bank</trn:description>
  <trn:splits>
    <trn:split>
      <split:id type="guid">2849d97068ee2fb7fb1d7ba135fd49d3</split:id>
      <split:reconciled-state>n</split:reconciled-state>
      <split:value>200/100</split:value>
      <split:quantity>200/100</split:quantity>
      <split:account type="guid">94f1725a16858da2a9832cec4d7c78fa</split:account>
    </trn:split>
    <trn:split>
      <split:id type="guid">4c75cfca188ec246b0a7827e3e809858</split:id>
      <split:reconciled-state>n</split:reconciled-state>
      <split:value>-200/100</split:value>
      <split:quantity>-200/100</split:quantity>
      <split:account type="guid">ab52d1a8fbd5883a788d51bd29c77e84</split:account>
    </trn:split>
  </trn:splits>
</gnc:transaction>
<gnc:transaction version="2.0.0">
  <trn:id type="guid">2e906cf02a4862ca515d96cd6207c9ab</trn:id>
  <trn:date-posted>
    <ts:date>1997-03-10 00:00:00 -0500</ts:date>
  </trn:date-posted>
  <trn:date-entered>
    <ts:date>2001-03-26 15:43:52 -0500</ts:date>
    <ts:ns>653068000</ts:ns>
  </trn:date-entered>
  <trn:description>School</trn:description>
  <trn:splits>
    <trn:split>
      <split:id type="guid">0aff81e8c77fb0d8b986603220b00068</split:id>
      <split:reconciled-state>n</split:reconciled-state>
      <split:value>-131873/100</split:value>
      <split:quantity>-131873/100</split:quantity>
      <split:account type="guid">4da6e3f697287c126a6827efd63a0b43</split:account>
    </trn:split>
    <trn:split>
      <split:id type="guid">066ffc5eadab79b80ce91c28d56a73c7</split:id>
      <split:reconciled-state>n</split:reconciled-state>
      <split:value>131873/100</split:value>
      <split:quantity>131873/100</split:quantity>
      <split:account type="guid">ab52d1a8fbd5883a788d51bd29c77e84</split:account>
    </trn:split>
  </trn:splits>
</gnc:transaction>
<gnc:transaction version="2.0.0">
  <trn:id type="guid">7c1fd036103780221f9745a0de6f988c</trn:id>
  <trn:num>251</trn:num>
  <trn:date-posted>
    <ts:date>1997-03-12 00:00:00 -0500</ts:date>
  </trn:date-posted>
  <trn:date-entered>
    <ts:date>2001-03-26 15:43:52 -0500</ts:date>
    <ts:ns>658138000</ts:ns>
  </trn:date-entered>
  <trn:description>Image Check</trn:description>
  <trn:splits>
    <trn:split>
      <split:id type="guid">6aa7bfd8210a80ac06470940c5c63748</split:id>
      <split:reconciled-state>n</split:reconciled-state>
      <split:value>676/100</split:value>
      <split:quantity>676/100</split:quantity>
      <split:account type="guid">9defb6c42135fa2f4036762c8926c8ca</split:account>
    </trn:split>
    <trn:split>
      <split:id type="guid">0625ccce2aa6767bc6261ae2627f349e</split:id>
      <split:reconciled-state>n</split:reconciled-state>
      <split:value>-676/100</split:value>
      <split:quantity>-676/100</split:quantity>
      <split:account type="guid">ab52d1a8fbd5883a788d51bd29c77e84</split:account>
    </trn:split>
  </trn:splits>
</gnc:transaction>
<gnc:transaction version="2.0.0">
  <trn:id type="guid">0d36273a9aa67523c06d881c09fe2124</trn:id>
  <trn:num>252</trn:num>
  <trn:date-posted>
    <ts:date>1997-03-13 00:00:00 -0500</ts:date>
  </trn:date-posted>
  <trn:date-entered>
    <ts:date>2001-03-26 15:43:52 -0500</ts:date>
    <ts:ns>662085000</ts:ns>
  </trn:date-entered>
  <trn:description>1HR Photo</trn:description>
  <trn:splits>
    <trn:split>
      <split:id type="guid">9d8a0ae0b2eeb42db3a67fdfd2c44f65</split:id>
      <split:reconciled-state>n</split:reconciled-state>
      <split:value>464/100</split:value>
      <split:quantity>464/100</split:quantity>
      <split:account type="guid">9defb6c42135fa2f4036762c8926c8ca</split:account>
    </trn:split>
    <trn:split>
      <split:id type="guid">3b32b12fff414f6470395230d2afa34e</split:id>
      <split:reconciled-state>n</split:reconciled-state>
      <split:value>-464/100</split:value>
      <split:quantity>-464/100</split:quantity>
      <split:account type="guid">ab52d1a8fbd5883a788d51bd29c77e84</split:account>
    </trn:split>
  </trn:splits>
</gnc:transaction>
<gnc:transaction version="2.0.0">
  <trn:id type="guid">53b37bf0d9e06cb00b86cbd741ca0493</trn:id>
  <trn:date-posted>
    <ts:date>1997-03-14 00:00:00 -0500</ts:date>
  </trn:date-posted>
  <trn:date-entered>
    <ts:date>2001-03-26 15:43:52 -0500</ts:date>
    <ts:ns>670018000</ts:ns>
  </trn:date-entered>
  <trn:description>Power Co.</trn:description>
  <trn:splits>
    <trn:split>
      <split:id type="guid">997b40c6799a9f7217d9d62cc6a20863</split:id>
      <split:reconciled-state>n</split:reconciled-state>
      <split:value>2062/100</split:value>
      <split:quantity>2062/100</split:quantity>
      <split:account type="guid">92b05cc5070282b02b05e60f161a5882</split:account>
    </trn:split>
    <trn:split>
      <split:id type="guid">3281a328f8582ef5f91fe5fb70a33915</split:id>
      <split:reconciled-state>n</split:reconciled-state>
      <split:value>-2062/100</split:value>
      <split:quantity>-2062/100</split:quantity>
      <split:account type="guid">ab52d1a8fbd5883a788d51bd29c77e84</split:account>
    </trn:split>
  </trn:splits>
</gnc:transaction>
<gnc:transaction version="2.0.0">
  <trn:id type="guid">15f0b1996a76f06a7dce6208aca94a47</trn:id>
  <trn:num>253</trn:num>
  <trn:date-posted>
    <ts:date>1997-03-14 00:00:00 -0500</ts:date>
  </trn:date-posted>
  <trn:date-entered>
    <ts:date>2001-03-26 15:43:52 -0500</ts:date>
    <ts:ns>673432000</ts:ns>
  </trn:date-entered>
  <trn:description>HCA</trn:description>
  <trn:splits>
    <trn:split>
      <split:id type="guid">21f0a8e2c5f598ff06978259b56c84a8</split:id>
      <split:reconciled-state>n</split:reconciled-state>
      <split:value>1227/100</split:value>
      <split:quantity>1227/100</split:quantity>
      <split:account type="guid">baaf4f690ee338fe4b0cf67dd6c2bf8a</split:account>
    </trn:split>
    <trn:split>
      <split:id type="guid">a63494a82c2052828ee68246b81bae90</split:id>
      <split:reconciled-state>n</split:reconciled-state>
      <split:value>-1227/100</split:value>
      <split:quantity>-1227/100</split:quantity>
      <split:account type="guid">ab52d1a8fbd5883a788d51bd29c77e84</split:account>
    </trn:split>
  </trn:splits>
</gnc:transaction>
<gnc:transaction version="2.0.0">
  <trn:id type="guid">ed3640628baa32651320fa9d467c3e92</trn:id>
  <trn:num>254</trn:num>
  <trn:date-posted>
    <ts:date>1997-03-14 00:00:00 -0500</ts:date>
  </trn:date-posted>
  <trn:date-entered>
    <ts:date>2001-03-26 15:43:52 -0500</ts:date>
    <ts:ns>677388000</ts:ns>
  </trn:date-entered>
  <trn:description>NB</trn:description>
  <trn:splits>
    <trn:split>
      <split:id type="guid">9516531560ad5fe100e6ec9ea39754ac</split:id>
      <split:reconciled-state>n</split:reconciled-state>
      <split:value>97609/100</split:value>
      <split:quantity>97609/100</split:quantity>
      <split:account type="guid">5fc1c6a2a79889318f644120ac82c8ee</split:account>
    </trn:split>
    <trn:split>
      <split:id type="guid">311d5fc277f22fe63109feb48adc4662</split:id>
      <split:reconciled-state>n</split:reconciled-state>
      <split:value>-97609/100</split:value>
      <split:quantity>-97609/100</split:quantity>
      <split:account type="guid">ab52d1a8fbd5883a788d51bd29c77e84</split:account>
    </trn:split>
  </trn:splits>
</gnc:transaction>
<gnc:transaction version="2.0.0">
  <trn:id type="guid">e445c17b5001a0c2804cc1d55a154cb1</trn:id>
  <trn:num>255</trn:num>
  <trn:date-posted>
    <ts:date>1997-03-14 00:00:00 -0500</ts:date>
  </trn:date-posted>
  <trn:date-entered>
    <ts:date>2001-03-26 15:43:52 -0500</ts:date>
    <ts:ns>680980000</ts:ns>
  </trn:date-entered>
  <trn:description>LDPC</trn:description>
  <trn:splits>
    <trn:split>
      <split:id type="guid">2db3299b015d462eef4a452c89422953</split:id>
      <split:reconciled-state>n</split:reconciled-state>
      <split:value>1387/100</split:value>
      <split:quantity>1387/100</split:quantity>
      <split:account type="guid">8d9a8e4928257f0b0aaee042057d8012</split:account>
    </trn:split>
    <trn:split>
      <split:id type="guid">39d86f2837c5ee8cbbb2e2f1bd57877f</split:id>
      <split:reconciled-state>n</split:reconciled-state>
      <split:value>-1387/100</split:value>
      <split:quantity>-1387/100</split:quantity>
      <split:account type="guid">ab52d1a8fbd5883a788d51bd29c77e84</split:account>
    </trn:split>
  </trn:splits>
</gnc:transaction>
<gnc:transaction version="2.0.0">
  <trn:id type="guid">3fd9726e1ad270aa966fd281b6fa98b2</trn:id>
  <trn:num>256</trn:num>
  <trn:date-posted>
    <ts:date>1997-03-14 00:00:00 -0500</ts:date>
  </trn:date-posted>
  <trn:date-entered>
    <ts:date>2001-03-26 15:43:52 -0500</ts:date>
    <ts:ns>687025000</ts:ns>
  </trn:date-entered>
  <trn:description>Pacific Bell</trn:description>
  <trn:splits>
    <trn:split>
      <split:id type="guid">61f429b7e61caf5bf90849e4ad186c44</split:id>
      <split:reconciled-state>n</split:reconciled-state>
      <split:value>1645/100</split:value>
      <split:quantity>1645/100</split:quantity>
      <split:account type="guid">8d9a8e4928257f0b0aaee042057d8012</split:account>
    </trn:split>
    <trn:split>
      <split:id type="guid">05d7ef8e536b7048a33981b07b29c7f5</split:id>
      <split:reconciled-state>n</split:reconciled-state>
      <split:value>-1645/100</split:value>
      <split:quantity>-1645/100</split:quantity>
      <split:account type="guid">ab52d1a8fbd5883a788d51bd29c77e84</split:account>
    </trn:split>
  </trn:splits>
</gnc:transaction>
<gnc:transaction version="2.0.0">
  <trn:id type="guid">1923f06e083014020089c084dfc0cb8f</trn:id>
  <trn:num>257</trn:num>
  <trn:date-posted>
    <ts:date>1997-03-14 00:00:00 -0500</ts:date>
  </trn:date-posted>
  <trn:date-entered>
    <ts:date>2001-03-26 15:43:52 -0500</ts:date>
    <ts:ns>690690000</ts:ns>
  </trn:date-entered>
  <trn:description>C</trn:description>
  <trn:splits>
    <trn:split>
      <split:id type="guid">c89b32cd0df296141c7f2b8510c1a26d</split:id>
      <split:reconciled-state>n</split:reconciled-state>
      <split:value>76269/100</split:value>
      <split:quantity>76269/100</split:quantity>
      <split:account type="guid">5fc1c6a2a79889318f644120ac82c8ee</split:account>
    </trn:split>
    <trn:split>
      <split:id type="guid">8ad74938a9ef6e20acd7cce2499f2a05</split:id>
      <split:reconciled-state>n</split:reconciled-state>
      <split:value>-76269/100</split:value>
      <split:quantity>-76269/100</split:quantity>
      <split:account type="guid">ab52d1a8fbd5883a788d51bd29c77e84</split:account>
    </trn:split>
  </trn:splits>
</gnc:transaction>
<gnc:transaction version="2.0.0">
  <trn:id type="guid">a1526a7c736b8ecd601500f53d5907a9</trn:id>
  <trn:num>258</trn:num>
  <trn:date-posted>
    <ts:date>1997-03-14 00:00:00 -0500</ts:date>
  </trn:date-posted>
  <trn:date-entered>
    <ts:date>2001-03-26 15:43:52 -0500</ts:date>
    <ts:ns>702455000</ts:ns>
  </trn:date-entered>
  <trn:description>MA</trn:description>
  <trn:splits>
    <trn:split>
      <split:id type="guid">d5afc833b2ceae7af393bfe7abb22ed9</split:id>
      <split:reconciled-state>n</split:reconciled-state>
      <split:value>3765/100</split:value>
      <split:quantity>3765/100</split:quantity>
      <split:account type="guid">5fc1c6a2a79889318f644120ac82c8ee</split:account>
    </trn:split>
    <trn:split>
      <split:id type="guid">befcb8f4a369ddea19ee3e1041cec53c</split:id>
      <split:reconciled-state>n</split:reconciled-state>
      <split:value>-3765/100</split:value>
      <split:quantity>-3765/100</split:quantity>
      <split:account type="guid">ab52d1a8fbd5883a788d51bd29c77e84</split:account>
    </trn:split>
  </trn:splits>
</gnc:transaction>
<gnc:transaction version="2.0.0">
  <trn:id type="guid">1d284f2bf2194d3f637ad9cf012b5e5f</trn:id>
  <trn:num>259</trn:num>
  <trn:date-posted>
    <ts:date>1997-03-14 00:00:00 -0500</ts:date>
  </trn:date-posted>
  <trn:date-entered>
    <ts:date>2001-03-26 15:43:52 -0500</ts:date>
    <ts:ns>707847000</ts:ns>
  </trn:date-entered>
  <trn:description>Pacific Bell</trn:description>
  <trn:splits>
    <trn:split>
      <split:id type="guid">7405ad9f2fc398dcb80642654b8425e4</split:id>
      <split:reconciled-state>n</split:reconciled-state>
      <split:value>10856/100</split:value>
      <split:quantity>10856/100</split:quantity>
      <split:account type="guid">8d9a8e4928257f0b0aaee042057d8012</split:account>
    </trn:split>
    <trn:split>
      <split:id type="guid">f83716c9834fe7d530068bbd69440ac9</split:id>
      <split:reconciled-state>n</split:reconciled-state>
      <split:value>-10856/100</split:value>
      <split:quantity>-10856/100</split:quantity>
      <split:account type="guid">ab52d1a8fbd5883a788d51bd29c77e84</split:account>
    </trn:split>
  </trn:splits>
</gnc:transaction>
<gnc:transaction version="2.0.0">
  <trn:id type="guid">94a09e390026305e5f687922b2e00919</trn:id>
  <trn:num>260</trn:num>
  <trn:date-posted>
    <ts:date>1997-03-14 00:00:00 -0500</ts:date>
  </trn:date-posted>
  <trn:date-entered>
    <ts:date>2001-03-26 15:43:52 -0500</ts:date>
    <ts:ns>712283000</ts:ns>
  </trn:date-entered>
  <trn:description>FTB</trn:description>
  <trn:splits>
    <trn:split>
      <split:id type="guid">d35bfb3500fbe769aa3491839750aa7a</split:id>
      <split:reconciled-state>n</split:reconciled-state>
      <split:value>8987/100</split:value>
      <split:quantity>8987/100</split:quantity>
      <split:account type="guid">c791e88d9c25ef9cbdab5d4b9f51fde9</split:account>
    </trn:split>
    <trn:split>
      <split:id type="guid">b2f0487977bc46f1ead8f6b4fcd57fc8</split:id>
      <split:reconciled-state>n</split:reconciled-state>
      <split:value>-8987/100</split:value>
      <split:quantity>-8987/100</split:quantity>
      <split:account type="guid">ab52d1a8fbd5883a788d51bd29c77e84</split:account>
    </trn:split>
  </trn:splits>
</gnc:transaction>
<gnc:transaction version="2.0.0">
  <trn:id type="guid">3767b2b000c6be1934f41549fa38aed6</trn:id>
  <trn:num>261</trn:num>
  <trn:date-posted>
    <ts:date>1997-03-18 00:00:00 -0500</ts:date>
  </trn:date-posted>
  <trn:date-entered>
    <ts:date>2001-03-26 15:43:52 -0500</ts:date>
    <ts:ns>717441000</ts:ns>
  </trn:date-entered>
  <trn:description>Dr</trn:description>
  <trn:splits>
    <trn:split>
      <split:id type="guid">4a94b12ba846fda1efb68fb922119e47</split:id>
      <split:reconciled-state>n</split:reconciled-state>
      <split:value>4000/100</split:value>
      <split:quantity>4000/100</split:quantity>
      <split:account type="guid">60845136829c50ec4a09675a08c2da24</split:account>
    </trn:split>
    <trn:split>
      <split:id type="guid">626bb63127a414e072dd75d60f80c1af</split:id>
      <split:reconciled-state>n</split:reconciled-state>
      <split:value>-4000/100</split:value>
      <split:quantity>-4000/100</split:quantity>
      <split:account type="guid">ab52d1a8fbd5883a788d51bd29c77e84</split:account>
    </trn:split>
  </trn:splits>
</gnc:transaction>
<gnc:transaction version="2.0.0">
  <trn:id type="guid">0827d64897c3c2c51907e31a9bfa22a5</trn:id>
  <trn:num>262</trn:num>
  <trn:date-posted>
    <ts:date>1997-03-31 00:00:00 -0500</ts:date>
  </trn:date-posted>
  <trn:date-entered>
    <ts:date>2001-03-26 15:43:52 -0500</ts:date>
    <ts:ns>720990000</ts:ns>
  </trn:date-entered>
  <trn:description>PC</trn:description>
  <trn:splits>
    <trn:split>
      <split:id type="guid">d6d6f0a0ce97326656fc5a8d5d6be398</split:id>
      <split:reconciled-state>n</split:reconciled-state>
      <split:value>23947/100</split:value>
      <split:quantity>23947/100</split:quantity>
      <split:account type="guid">5fc1c6a2a79889318f644120ac82c8ee</split:account>
    </trn:split>
    <trn:split>
      <split:id type="guid">d08dc078fd9da8a8264dce2eb1b2807b</split:id>
      <split:reconciled-state>n</split:reconciled-state>
      <split:value>-23947/100</split:value>
      <split:quantity>-23947/100</split:quantity>
      <split:account type="guid">ab52d1a8fbd5883a788d51bd29c77e84</split:account>
    </trn:split>
  </trn:splits>
</gnc:transaction>
<gnc:transaction version="2.0.0">
  <trn:id type="guid">f3e52a242480b1dce5b7f22d8daf4d2c</trn:id>
  <trn:num>263</trn:num>
  <trn:date-posted>
    <ts:date>1997-03-31 00:00:00 -0500</ts:date>
  </trn:date-posted>
  <trn:date-entered>
    <ts:date>2001-03-26 15:43:52 -0500</ts:date>
    <ts:ns>726757000</ts:ns>
  </trn:date-entered>
  <trn:description>LDPC</trn:description>
  <trn:splits>
    <trn:split>
      <split:id type="guid">5bf8275c51a42748dd822d3069dbc66e</split:id>
      <split:reconciled-state>n</split:reconciled-state>
      <split:value>480/100</split:value>
      <split:quantity>480/100</split:quantity>
      <split:account type="guid">8d9a8e4928257f0b0aaee042057d8012</split:account>
    </trn:split>
    <trn:split>
      <split:id type="guid">1fab7a3fe9691ad20dd89c3fc1e2be11</split:id>
      <split:reconciled-state>n</split:reconciled-state>
      <split:value>-480/100</split:value>
      <split:quantity>-480/100</split:quantity>
      <split:account type="guid">ab52d1a8fbd5883a788d51bd29c77e84</split:account>
    </trn:split>
  </trn:splits>
</gnc:transaction>
<gnc:transaction version="2.0.0">
  <trn:id type="guid">c2264c22efa108f6af9678ded1b9beb8</trn:id>
  <trn:num>264</trn:num>
  <trn:date-posted>
    <ts:date>1997-03-31 00:00:00 -0500</ts:date>
  </trn:date-posted>
  <trn:date-entered>
    <ts:date>2001-03-26 15:43:52 -0500</ts:date>
    <ts:ns>730375000</ts:ns>
  </trn:date-entered>
  <trn:description>Landlord</trn:description>
  <trn:splits>
    <trn:split>
      <split:id type="guid">08e6b80b6d2281262f85c6aa3938c090</split:id>
      <split:reconciled-state>n</split:reconciled-state>
      <split:value>52500/100</split:value>
      <split:quantity>52500/100</split:quantity>
      <split:account type="guid">329b2c5196efdaf54e1321e05b9f0875</split:account>
    </trn:split>
    <trn:split>
      <split:id type="guid">997b2b2111205898e64c27426c6b3cac</split:id>
      <split:reconciled-state>n</split:reconciled-state>
      <split:value>-52500/100</split:value>
      <split:quantity>-52500/100</split:quantity>
      <split:account type="guid">ab52d1a8fbd5883a788d51bd29c77e84</split:account>
    </trn:split>
  </trn:splits>
</gnc:transaction>
<gnc:transaction version="2.0.0">
  <trn:id type="guid">3cd732cb4a7bf33e91b4819dcf21e702</trn:id>
  <trn:num>265</trn:num>
  <trn:date-posted>
    <ts:date>1997-04-07 00:00:00 -0400</ts:date>
  </trn:date-posted>
  <trn:date-entered>
    <ts:date>2001-03-26 15:43:52 -0500</ts:date>
    <ts:ns>734748000</ts:ns>
  </trn:date-entered>
  <trn:description>HMH</trn:description>
  <trn:splits>
    <trn:split>
      <split:id type="guid">37212595735b2d8251e35a8f4ffd9f98</split:id>
      <split:reconciled-state>n</split:reconciled-state>
      <split:value>4530/100</split:value>
      <split:quantity>4530/100</split:quantity>
      <split:account type="guid">60845136829c50ec4a09675a08c2da24</split:account>
    </trn:split>
    <trn:split>
      <split:id type="guid">adbb4271ff307222874e3ccd2eaf6ffe</split:id>
      <split:reconciled-state>n</split:reconciled-state>
      <split:value>-4530/100</split:value>
      <split:quantity>-4530/100</split:quantity>
      <split:account type="guid">ab52d1a8fbd5883a788d51bd29c77e84</split:account>
    </trn:split>
  </trn:splits>
</gnc:transaction>
<gnc:transaction version="2.0.0">
  <trn:id type="guid">ca3ebd5bb83ecd464073d569770766b9</trn:id>
  <trn:num>266</trn:num>
  <trn:date-posted>
    <ts:date>1997-04-07 00:00:00 -0400</ts:date>
  </trn:date-posted>
  <trn:date-entered>
    <ts:date>2001-03-26 15:43:52 -0500</ts:date>
    <ts:ns>738338000</ts:ns>
  </trn:date-entered>
  <trn:description>Pacific Bell</trn:description>
  <trn:splits>
    <trn:split>
      <split:id type="guid">c947a78e5aca982d5cc010e9f7d82739</split:id>
      <split:reconciled-state>n</split:reconciled-state>
      <split:value>4691/100</split:value>
      <split:quantity>4691/100</split:quantity>
      <split:account type="guid">8d9a8e4928257f0b0aaee042057d8012</split:account>
    </trn:split>
    <trn:split>
      <split:id type="guid">46a9d67bb9dd0b1d0cab06841de6d9ac</split:id>
      <split:reconciled-state>n</split:reconciled-state>
      <split:value>-4691/100</split:value>
      <split:quantity>-4691/100</split:quantity>
      <split:account type="guid">ab52d1a8fbd5883a788d51bd29c77e84</split:account>
    </trn:split>
  </trn:splits>
</gnc:transaction>
<gnc:transaction version="2.0.0">
  <trn:id type="guid">338b36ee0a5b2a1cbc7a3e1a223b1d3b</trn:id>
  <trn:num>267</trn:num>
  <trn:date-posted>
    <ts:date>1997-04-07 00:00:00 -0400</ts:date>
  </trn:date-posted>
  <trn:date-entered>
    <ts:date>2001-03-26 15:43:52 -0500</ts:date>
    <ts:ns>741918000</ts:ns>
  </trn:date-entered>
  <trn:description>City</trn:description>
  <trn:splits>
    <trn:split>
      <split:id type="guid">7cd754a77660fccd622771f6bc3367ba</split:id>
      <split:reconciled-state>n</split:reconciled-state>
      <split:value>2200/100</split:value>
      <split:quantity>2200/100</split:quantity>
      <split:account type="guid">74446cb1e9d9fb729f0d002aea325430</split:account>
    </trn:split>
    <trn:split>
      <split:id type="guid">73f93616a798114e77d141fc708d3969</split:id>
      <split:reconciled-state>n</split:reconciled-state>
      <split:value>-2200/100</split:value>
      <split:quantity>-2200/100</split:quantity>
      <split:account type="guid">ab52d1a8fbd5883a788d51bd29c77e84</split:account>
    </trn:split>
  </trn:splits>
</gnc:transaction>
<gnc:transaction version="2.0.0">
  <trn:id type="guid">d7cf017ed3b30e0b6ca03523cf7042ec</trn:id>
  <trn:date-posted>
    <ts:date>1997-04-10 00:00:00 -0400</ts:date>
  </trn:date-posted>
  <trn:date-entered>
    <ts:date>2001-03-26 15:43:52 -0500</ts:date>
    <ts:ns>756517000</ts:ns>
  </trn:date-entered>
  <trn:description>Power Co.</trn:description>
  <trn:splits>
    <trn:split>
      <split:id type="guid">5e35b38bcea75e790ed3e912cebf279c</split:id>
      <split:reconciled-state>n</split:reconciled-state>
      <split:value>1987/100</split:value>
      <split:quantity>1987/100</split:quantity>
      <split:account type="guid">92b05cc5070282b02b05e60f161a5882</split:account>
    </trn:split>
    <trn:split>
      <split:id type="guid">9cec2e4f568eecc78a71d8d08d9452e7</split:id>
      <split:reconciled-state>n</split:reconciled-state>
      <split:value>-1987/100</split:value>
      <split:quantity>-1987/100</split:quantity>
      <split:account type="guid">ab52d1a8fbd5883a788d51bd29c77e84</split:account>
    </trn:split>
  </trn:splits>
</gnc:transaction>
<gnc:transaction version="2.0.0">
  <trn:id type="guid">9b37ec252f99f1dd19d51900726ac6b1</trn:id>
  <trn:date-posted>
    <ts:date>1997-04-10 00:00:00 -0400</ts:date>
  </trn:date-posted>
  <trn:date-entered>
    <ts:date>2001-03-26 15:43:52 -0500</ts:date>
    <ts:ns>760170000</ts:ns>
  </trn:date-entered>
  <trn:description>School</trn:description>
  <trn:splits>
    <trn:split>
      <split:id type="guid">fc375e8dfebdcc24af94943b4d02e65d</split:id>
      <split:reconciled-state>n</split:reconciled-state>
      <split:value>-131873/100</split:value>
      <split:quantity>-131873/100</split:quantity>
      <split:account type="guid">4da6e3f697287c126a6827efd63a0b43</split:account>
    </trn:split>
    <trn:split>
      <split:id type="guid">21e040595fb25e07c36febf6304d6210</split:id>
      <split:reconciled-state>n</split:reconciled-state>
      <split:value>131873/100</split:value>
      <split:quantity>131873/100</split:quantity>
      <split:account type="guid">ab52d1a8fbd5883a788d51bd29c77e84</split:account>
    </trn:split>
  </trn:splits>
</gnc:transaction>
<gnc:transaction version="2.0.0">
  <trn:id type="guid">a884f8e5735fa714d63f9c43275f88c3</trn:id>
  <trn:date-posted>
    <ts:date>1997-04-21 00:00:00 -0400</ts:date>
  </trn:date-posted>
  <trn:date-entered>
    <ts:date>2001-03-26 15:43:52 -0500</ts:date>
    <ts:ns>763725000</ts:ns>
  </trn:date-entered>
  <trn:description>U.S. Treasure</trn:description>
  <trn:splits>
    <trn:split>
      <split:id type="guid">f077213808a9b0dcf3fa471fc40d1dd6</split:id>
      <split:reconciled-state>n</split:reconciled-state>
      <split:value>-17881/100</split:value>
      <split:quantity>-17881/100</split:quantity>
      <split:account type="guid">15a7de112614d62d993dfcc43ff70142</split:account>
    </trn:split>
    <trn:split>
      <split:id type="guid">bc1add7959726c38d6e1b226fabf5600</split:id>
      <split:reconciled-state>n</split:reconciled-state>
      <split:value>17881/100</split:value>
      <split:quantity>17881/100</split:quantity>
      <split:account type="guid">ab52d1a8fbd5883a788d51bd29c77e84</split:account>
    </trn:split>
  </trn:splits>
</gnc:transaction>
<gnc:transaction version="2.0.0">
  <trn:id type="guid">c63439722c2df5b7c0fff748fdcfa8cc</trn:id>
  <trn:num>268</trn:num>
  <trn:date-posted>
    <ts:date>1997-04-21 00:00:00 -0400</ts:date>
  </trn:date-posted>
  <trn:date-entered>
    <ts:date>2001-03-26 15:43:52 -0500</ts:date>
    <ts:ns>768828000</ts:ns>
  </trn:date-entered>
  <trn:description>C Master Card</trn:description>
  <trn:splits>
    <trn:split>
      <split:id type="guid">20b7158a55ea608ee8419b7842d860ee</split:id>
      <split:reconciled-state>n</split:reconciled-state>
      <split:value>62734/100</split:value>
      <split:quantity>62734/100</split:quantity>
      <split:account type="guid">5fc1c6a2a79889318f644120ac82c8ee</split:account>
    </trn:split>
    <trn:split>
      <split:id type="guid">6841b326115d1d25ff6c6826b23b748a</split:id>
      <split:reconciled-state>n</split:reconciled-state>
      <split:value>-62734/100</split:value>
      <split:quantity>-62734/100</split:quantity>
      <split:account type="guid">ab52d1a8fbd5883a788d51bd29c77e84</split:account>
    </trn:split>
  </trn:splits>
</gnc:transaction>
<gnc:transaction version="2.0.0">
  <trn:id type="guid">ede777e9b012725c09d68cb7eda91f27</trn:id>
  <trn:num>269</trn:num>
  <trn:date-posted>
    <ts:date>1997-04-21 00:00:00 -0400</ts:date>
  </trn:date-posted>
  <trn:date-entered>
    <ts:date>2001-03-26 15:43:52 -0500</ts:date>
    <ts:ns>772557000</ts:ns>
  </trn:date-entered>
  <trn:description>Pacific Bell</trn:description>
  <trn:splits>
    <trn:split>
      <split:id type="guid">72623bae9b029ddd25f6b049a032ee59</split:id>
      <split:reconciled-state>n</split:reconciled-state>
      <split:value>1645/100</split:value>
      <split:quantity>1645/100</split:quantity>
      <split:account type="guid">8d9a8e4928257f0b0aaee042057d8012</split:account>
    </trn:split>
    <trn:split>
      <split:id type="guid">623290551347f6c3575cd80edb32f975</split:id>
      <split:reconciled-state>n</split:reconciled-state>
      <split:value>-1645/100</split:value>
      <split:quantity>-1645/100</split:quantity>
      <split:account type="guid">ab52d1a8fbd5883a788d51bd29c77e84</split:account>
    </trn:split>
  </trn:splits>
</gnc:transaction>
<gnc:transaction version="2.0.0">
  <trn:id type="guid">5bc7e6069181ba2d61fc7a721c8e53ef</trn:id>
  <trn:num>270</trn:num>
  <trn:date-posted>
    <ts:date>1997-04-21 00:00:00 -0400</ts:date>
  </trn:date-posted>
  <trn:date-entered>
    <ts:date>2001-03-26 15:43:52 -0500</ts:date>
    <ts:ns>777173000</ts:ns>
  </trn:date-entered>
  <trn:description>PC</trn:description>
  <trn:splits>
    <trn:split>
      <split:id type="guid">5901539c3bd871ac5df892d20f4c0650</split:id>
      <split:reconciled-state>n</split:reconciled-state>
      <split:value>2131/100</split:value>
      <split:quantity>2131/100</split:quantity>
      <split:account type="guid">5fc1c6a2a79889318f644120ac82c8ee</split:account>
    </trn:split>
    <trn:split>
      <split:id type="guid">d7137ca202dc10a4db7e64fc6127ff6f</split:id>
      <split:reconciled-state>n</split:reconciled-state>
      <split:value>-2131/100</split:value>
      <split:quantity>-2131/100</split:quantity>
      <split:account type="guid">ab52d1a8fbd5883a788d51bd29c77e84</split:account>
    </trn:split>
  </trn:splits>
</gnc:transaction>
<gnc:transaction version="2.0.0">
  <trn:id type="guid">24e4a033871209b811d0e58a091b5878</trn:id>
  <trn:num>271</trn:num>
  <trn:date-posted>
    <ts:date>1997-04-21 00:00:00 -0400</ts:date>
  </trn:date-posted>
  <trn:date-entered>
    <ts:date>2001-03-26 15:43:52 -0500</ts:date>
    <ts:ns>781147000</ts:ns>
  </trn:date-entered>
  <trn:description>NB</trn:description>
  <trn:splits>
    <trn:split>
      <split:id type="guid">e7adc36f61eae8daf1d5d1b01f0f1bb1</split:id>
      <split:reconciled-state>n</split:reconciled-state>
      <split:value>82709/100</split:value>
      <split:quantity>82709/100</split:quantity>
      <split:account type="guid">5fc1c6a2a79889318f644120ac82c8ee</split:account>
    </trn:split>
    <trn:split>
      <split:id type="guid">cd001fe4252a3ba3277520a3595056bd</split:id>
      <split:reconciled-state>n</split:reconciled-state>
      <split:value>-82709/100</split:value>
      <split:quantity>-82709/100</split:quantity>
      <split:account type="guid">ab52d1a8fbd5883a788d51bd29c77e84</split:account>
    </trn:split>
  </trn:splits>
</gnc:transaction>
<gnc:transaction version="2.0.0">
  <trn:id type="guid">5119345ed2553f2914671003c08be51e</trn:id>
  <trn:num>272</trn:num>
  <trn:date-posted>
    <ts:date>1997-04-21 00:00:00 -0400</ts:date>
  </trn:date-posted>
  <trn:date-entered>
    <ts:date>2001-03-26 15:43:52 -0500</ts:date>
    <ts:ns>788261000</ts:ns>
  </trn:date-entered>
  <trn:description>AN</trn:description>
  <trn:splits>
    <trn:split>
      <split:id type="guid">de06fe5fb322c587deb9dfc2559d81cf</split:id>
      <split:reconciled-state>n</split:reconciled-state>
      <split:value>3600/100</split:value>
      <split:quantity>3600/100</split:quantity>
      <split:account type="guid">8d9a8e4928257f0b0aaee042057d8012</split:account>
    </trn:split>
    <trn:split>
      <split:id type="guid">00e33482d86208da4f70746d32a3f73f</split:id>
      <split:reconciled-state>n</split:reconciled-state>
      <split:value>-3600/100</split:value>
      <split:quantity>-3600/100</split:quantity>
      <split:account type="guid">ab52d1a8fbd5883a788d51bd29c77e84</split:account>
    </trn:split>
  </trn:splits>
</gnc:transaction>
<gnc:transaction version="2.0.0">
  <trn:id type="guid">b59255575e261e6b8c170e9378573fa2</trn:id>
  <trn:num>273</trn:num>
  <trn:date-posted>
    <ts:date>1997-04-25 00:00:00 -0400</ts:date>
  </trn:date-posted>
  <trn:date-entered>
    <ts:date>2001-03-26 15:43:52 -0500</ts:date>
    <ts:ns>791897000</ts:ns>
  </trn:date-entered>
  <trn:description>Time</trn:description>
  <trn:splits>
    <trn:split>
      <split:id type="guid">9f9dbb6d75c01077417b83c223781a01</split:id>
      <split:reconciled-state>n</split:reconciled-state>
      <split:value>6032/100</split:value>
      <split:quantity>6032/100</split:quantity>
      <split:account type="guid">f981711ab9d0c5ca6b75d0b5a8ee261b</split:account>
    </trn:split>
    <trn:split>
      <split:id type="guid">659e1c4eaa022164d7aa05e26631aeeb</split:id>
      <split:reconciled-state>n</split:reconciled-state>
      <split:value>-6032/100</split:value>
      <split:quantity>-6032/100</split:quantity>
      <split:account type="guid">ab52d1a8fbd5883a788d51bd29c77e84</split:account>
    </trn:split>
  </trn:splits>
</gnc:transaction>
<gnc:transaction version="2.0.0">
  <trn:id type="guid">90beabe2d85e83f4993b2bace4624017</trn:id>
  <trn:num>275</trn:num>
  <trn:date-posted>
    <ts:date>1997-05-01 00:00:00 -0400</ts:date>
  </trn:date-posted>
  <trn:date-entered>
    <ts:date>2001-03-26 15:43:52 -0500</ts:date>
    <ts:ns>802258000</ts:ns>
  </trn:date-entered>
  <trn:description>DWV</trn:description>
  <trn:splits>
    <trn:split>
      <split:id type="guid">94a77513c21c26d1d06b93eb1d42fb9b</split:id>
      <split:reconciled-state>n</split:reconciled-state>
      <split:value>23600/100</split:value>
      <split:quantity>23600/100</split:quantity>
      <split:account type="guid">74446cb1e9d9fb729f0d002aea325430</split:account>
    </trn:split>
    <trn:split>
      <split:id type="guid">54ffe4fef8a63ff49efb446f6bbc1650</split:id>
      <split:reconciled-state>n</split:reconciled-state>
      <split:value>-23600/100</split:value>
      <split:quantity>-23600/100</split:quantity>
      <split:account type="guid">ab52d1a8fbd5883a788d51bd29c77e84</split:account>
    </trn:split>
  </trn:splits>
</gnc:transaction>
<gnc:transaction version="2.0.0">
  <trn:id type="guid">cd2c3c85b514820836717d12ef118527</trn:id>
  <trn:num>276</trn:num>
  <trn:date-posted>
    <ts:date>1997-05-01 00:00:00 -0400</ts:date>
  </trn:date-posted>
  <trn:date-entered>
    <ts:date>2001-03-26 15:43:52 -0500</ts:date>
    <ts:ns>807296000</ts:ns>
  </trn:date-entered>
  <trn:description>Landlord</trn:description>
  <trn:splits>
    <trn:split>
      <split:id type="guid">820abd3f59513d18f0aafeabb702efd5</split:id>
      <split:reconciled-state>n</split:reconciled-state>
      <split:value>52500/100</split:value>
      <split:quantity>52500/100</split:quantity>
      <split:account type="guid">329b2c5196efdaf54e1321e05b9f0875</split:account>
    </trn:split>
    <trn:split>
      <split:id type="guid">a08de56b45e502e40e8558b16f9eca0b</split:id>
      <split:reconciled-state>n</split:reconciled-state>
      <split:value>-52500/100</split:value>
      <split:quantity>-52500/100</split:quantity>
      <split:account type="guid">ab52d1a8fbd5883a788d51bd29c77e84</split:account>
    </trn:split>
  </trn:splits>
</gnc:transaction>
<gnc:transaction version="2.0.0">
  <trn:id type="guid">d5019bbaf588479582720127553fb662</trn:id>
  <trn:num>277</trn:num>
  <trn:date-posted>
    <ts:date>1997-05-01 00:00:00 -0400</ts:date>
  </trn:date-posted>
  <trn:date-entered>
    <ts:date>2001-03-26 15:43:52 -0500</ts:date>
    <ts:ns>811931000</ts:ns>
  </trn:date-entered>
  <trn:description>WJ</trn:description>
  <trn:splits>
    <trn:split>
      <split:id type="guid">994c5d2f22cb6d15f63a1b360a8a7b6a</split:id>
      <split:reconciled-state>n</split:reconciled-state>
      <split:value>7026/100</split:value>
      <split:quantity>7026/100</split:quantity>
      <split:account type="guid">9defb6c42135fa2f4036762c8926c8ca</split:account>
    </trn:split>
    <trn:split>
      <split:id type="guid">1e1e679fcbeff5a29a49398c74b80811</split:id>
      <split:reconciled-state>n</split:reconciled-state>
      <split:value>-7026/100</split:value>
      <split:quantity>-7026/100</split:quantity>
      <split:account type="guid">ab52d1a8fbd5883a788d51bd29c77e84</split:account>
    </trn:split>
  </trn:splits>
</gnc:transaction>
<gnc:transaction version="2.0.0">
  <trn:id type="guid">5c3c21ac72e9987e525a1a51bfbb2648</trn:id>
  <trn:date-posted>
    <ts:date>1997-05-07 00:00:00 -0400</ts:date>
  </trn:date-posted>
  <trn:date-entered>
    <ts:date>2001-03-26 15:43:52 -0500</ts:date>
    <ts:ns>818111000</ts:ns>
  </trn:date-entered>
  <trn:description>Boss1</trn:description>
  <trn:splits>
    <trn:split>
      <split:id type="guid">b52c889b4725bf103114786bf272b1e9</split:id>
      <split:reconciled-state>n</split:reconciled-state>
      <split:value>-500000/100</split:value>
      <split:quantity>-500000/100</split:quantity>
      <split:account type="guid">4da6e3f697287c126a6827efd63a0b43</split:account>
    </trn:split>
    <trn:split>
      <split:id type="guid">b0506760368c7f0c44700b9654e45da1</split:id>
      <split:reconciled-state>n</split:reconciled-state>
      <split:value>500000/100</split:value>
      <split:quantity>500000/100</split:quantity>
      <split:account type="guid">ab52d1a8fbd5883a788d51bd29c77e84</split:account>
    </trn:split>
  </trn:splits>
</gnc:transaction>
<gnc:transaction version="2.0.0">
  <trn:id type="guid">f31bb257cc534a99b28cdeeb61b7d7e1</trn:id>
  <trn:date-posted>
    <ts:date>1997-05-07 00:00:00 -0400</ts:date>
  </trn:date-posted>
  <trn:date-entered>
    <ts:date>2001-03-26 15:43:52 -0500</ts:date>
    <ts:ns>821754000</ts:ns>
  </trn:date-entered>
  <trn:description>Power Co.</trn:description>
  <trn:splits>
    <trn:split>
      <split:id type="guid">e7083ca2706194fabaf14b1b2080eac8</split:id>
      <split:reconciled-state>n</split:reconciled-state>
      <split:value>1879/100</split:value>
      <split:quantity>1879/100</split:quantity>
      <split:account type="guid">92b05cc5070282b02b05e60f161a5882</split:account>
    </trn:split>
    <trn:split>
      <split:id type="guid">f970c39abe00ab00b1e91420e10cb8cc</split:id>
      <split:reconciled-state>n</split:reconciled-state>
      <split:value>-1879/100</split:value>
      <split:quantity>-1879/100</split:quantity>
      <split:account type="guid">ab52d1a8fbd5883a788d51bd29c77e84</split:account>
    </trn:split>
  </trn:splits>
</gnc:transaction>
<gnc:transaction version="2.0.0">
  <trn:id type="guid">9f38637634c9ca8177926e6d4323eccc</trn:id>
  <trn:date-posted>
    <ts:date>1997-05-10 00:00:00 -0400</ts:date>
  </trn:date-posted>
  <trn:date-entered>
    <ts:date>2001-03-26 15:43:52 -0500</ts:date>
    <ts:ns>827293000</ts:ns>
  </trn:date-entered>
  <trn:description>School</trn:description>
  <trn:splits>
    <trn:split>
      <split:id type="guid">093f13f06a2777f8ed82c28d8b6590c4</split:id>
      <split:reconciled-state>n</split:reconciled-state>
      <split:value>-131873/100</split:value>
      <split:quantity>-131873/100</split:quantity>
      <split:account type="guid">4da6e3f697287c126a6827efd63a0b43</split:account>
    </trn:split>
    <trn:split>
      <split:id type="guid">2b0765c638e48309646f9cde2faaec2a</split:id>
      <split:reconciled-state>n</split:reconciled-state>
      <split:value>131873/100</split:value>
      <split:quantity>131873/100</split:quantity>
      <split:account type="guid">ab52d1a8fbd5883a788d51bd29c77e84</split:account>
    </trn:split>
  </trn:splits>
</gnc:transaction>
<gnc:transaction version="2.0.0">
  <trn:id type="guid">e76bb9b743b6d287a11dcbe0b0869e83</trn:id>
  <trn:num>278</trn:num>
  <trn:date-posted>
    <ts:date>1997-05-13 00:00:00 -0400</ts:date>
  </trn:date-posted>
  <trn:date-entered>
    <ts:date>2001-03-26 15:43:52 -0500</ts:date>
    <ts:ns>831052000</ts:ns>
  </trn:date-entered>
  <trn:description>C</trn:description>
  <trn:splits>
    <trn:split>
      <split:id type="guid">f10d84333eca0612c84e88b72592652e</split:id>
      <split:reconciled-state>n</split:reconciled-state>
      <split:value>14700/100</split:value>
      <split:quantity>14700/100</split:quantity>
      <split:account type="guid">5fc1c6a2a79889318f644120ac82c8ee</split:account>
    </trn:split>
    <trn:split>
      <split:id type="guid">4d5533b370f4fac3be475337d5044d5c</split:id>
      <split:reconciled-state>n</split:reconciled-state>
      <split:value>-14700/100</split:value>
      <split:quantity>-14700/100</split:quantity>
      <split:account type="guid">ab52d1a8fbd5883a788d51bd29c77e84</split:account>
    </trn:split>
  </trn:splits>
</gnc:transaction>
<gnc:transaction version="2.0.0">
  <trn:id type="guid">9384c499de53be49bd488728ac2d0d72</trn:id>
  <trn:num>279</trn:num>
  <trn:date-posted>
    <ts:date>1997-05-13 00:00:00 -0400</ts:date>
  </trn:date-posted>
  <trn:date-entered>
    <ts:date>2001-03-26 15:43:52 -0500</ts:date>
    <ts:ns>878146000</ts:ns>
  </trn:date-entered>
  <trn:description>NB</trn:description>
  <trn:splits>
    <trn:split>
      <split:id type="guid">215eca347c1a672a45568fd7a39b33bd</split:id>
      <split:reconciled-state>n</split:reconciled-state>
      <split:value>62979/100</split:value>
      <split:quantity>62979/100</split:quantity>
      <split:account type="guid">5fc1c6a2a79889318f644120ac82c8ee</split:account>
    </trn:split>
    <trn:split>
      <split:id type="guid">fc1048ce4dd3e691df4b4a061325bda8</split:id>
      <split:reconciled-state>n</split:reconciled-state>
      <split:value>-62979/100</split:value>
      <split:quantity>-62979/100</split:quantity>
      <split:account type="guid">ab52d1a8fbd5883a788d51bd29c77e84</split:account>
    </trn:split>
  </trn:splits>
</gnc:transaction>
<gnc:transaction version="2.0.0">
  <trn:id type="guid">80005cb3f573a01ca784b81c5cb0622b</trn:id>
  <trn:num>280</trn:num>
  <trn:date-posted>
    <ts:date>1997-05-13 00:00:00 -0400</ts:date>
  </trn:date-posted>
  <trn:date-entered>
    <ts:date>2001-03-26 15:43:52 -0500</ts:date>
    <ts:ns>882010000</ts:ns>
  </trn:date-entered>
  <trn:description>Pacific Bell</trn:description>
  <trn:splits>
    <trn:split>
      <split:id type="guid">8f8a652f18ceff552982a85c6a7a069b</split:id>
      <split:reconciled-state>n</split:reconciled-state>
      <split:value>6009/100</split:value>
      <split:quantity>6009/100</split:quantity>
      <split:account type="guid">8d9a8e4928257f0b0aaee042057d8012</split:account>
    </trn:split>
    <trn:split>
      <split:id type="guid">22888f59b1e7b9edaa02562976606c89</split:id>
      <split:reconciled-state>n</split:reconciled-state>
      <split:value>-6009/100</split:value>
      <split:quantity>-6009/100</split:quantity>
      <split:account type="guid">ab52d1a8fbd5883a788d51bd29c77e84</split:account>
    </trn:split>
  </trn:splits>
</gnc:transaction>
<gnc:transaction version="2.0.0">
  <trn:id type="guid">d1d647017fea0b84df6775f10efd864f</trn:id>
  <trn:num>281</trn:num>
  <trn:date-posted>
    <ts:date>1997-05-13 00:00:00 -0400</ts:date>
  </trn:date-posted>
  <trn:date-entered>
    <ts:date>2001-03-26 15:43:52 -0500</ts:date>
    <ts:ns>886369000</ts:ns>
  </trn:date-entered>
  <trn:description>LDPC</trn:description>
  <trn:splits>
    <trn:split>
      <split:id type="guid">c7b2809afca1ff24d3dcf75aeddadd54</split:id>
      <split:reconciled-state>n</split:reconciled-state>
      <split:value>5318/100</split:value>
      <split:quantity>5318/100</split:quantity>
      <split:account type="guid">8d9a8e4928257f0b0aaee042057d8012</split:account>
    </trn:split>
    <trn:split>
      <split:id type="guid">05c9ceb2aea157d5f4bf4f302d43359a</split:id>
      <split:reconciled-state>n</split:reconciled-state>
      <split:value>-5318/100</split:value>
      <split:quantity>-5318/100</split:quantity>
      <split:account type="guid">ab52d1a8fbd5883a788d51bd29c77e84</split:account>
    </trn:split>
  </trn:splits>
</gnc:transaction>
<gnc:transaction version="2.0.0">
  <trn:id type="guid">0a337e0f3dca16ffced22be15281a0d7</trn:id>
  <trn:num>283</trn:num>
  <trn:date-posted>
    <ts:date>1997-05-20 00:00:00 -0400</ts:date>
  </trn:date-posted>
  <trn:date-entered>
    <ts:date>2001-03-26 15:43:52 -0500</ts:date>
    <ts:ns>890152000</ts:ns>
  </trn:date-entered>
  <trn:description>MA</trn:description>
  <trn:splits>
    <trn:split>
      <split:id type="guid">b852f1af0133f6b88d6e83d793b90795</split:id>
      <split:reconciled-state>n</split:reconciled-state>
      <split:value>5844/100</split:value>
      <split:quantity>5844/100</split:quantity>
      <split:account type="guid">5fc1c6a2a79889318f644120ac82c8ee</split:account>
    </trn:split>
    <trn:split>
      <split:id type="guid">39f2f3aa7d6c7ed9edf0cbc446588e81</split:id>
      <split:reconciled-state>n</split:reconciled-state>
      <split:value>-5844/100</split:value>
      <split:quantity>-5844/100</split:quantity>
      <split:account type="guid">ab52d1a8fbd5883a788d51bd29c77e84</split:account>
    </trn:split>
  </trn:splits>
</gnc:transaction>
<gnc:transaction version="2.0.0">
  <trn:id type="guid">f4121e9ee5950e9b3f7256e66459625f</trn:id>
  <trn:num>284</trn:num>
  <trn:date-posted>
    <ts:date>1997-05-20 00:00:00 -0400</ts:date>
  </trn:date-posted>
  <trn:date-entered>
    <ts:date>2001-03-26 15:43:52 -0500</ts:date>
    <ts:ns>902096000</ts:ns>
  </trn:date-entered>
  <trn:description>Boss1</trn:description>
  <trn:splits>
    <trn:split>
      <split:id type="guid">45a91af09ecabe0b631b4e399d72b606</split:id>
      <split:reconciled-state>n</split:reconciled-state>
      <split:value>7200/100</split:value>
      <split:quantity>7200/100</split:quantity>
      <split:account type="guid">9defb6c42135fa2f4036762c8926c8ca</split:account>
    </trn:split>
    <trn:split>
      <split:id type="guid">4abb279f582d0f6496ce605a6b2ef928</split:id>
      <split:reconciled-state>n</split:reconciled-state>
      <split:value>-7200/100</split:value>
      <split:quantity>-7200/100</split:quantity>
      <split:account type="guid">ab52d1a8fbd5883a788d51bd29c77e84</split:account>
    </trn:split>
  </trn:splits>
</gnc:transaction>
<gnc:transaction version="2.0.0">
  <trn:id type="guid">a0537ab37f187113f8159296eb35b230</trn:id>
  <trn:num>282</trn:num>
  <trn:date-posted>
    <ts:date>1997-05-29 00:00:00 -0400</ts:date>
  </trn:date-posted>
  <trn:date-entered>
    <ts:date>2001-03-26 15:43:52 -0500</ts:date>
    <ts:ns>910229000</ts:ns>
  </trn:date-entered>
  <trn:description>Landlord</trn:description>
  <trn:splits>
    <trn:split>
      <split:id type="guid">7db3cc65f8c984fdaf5fed128d629101</split:id>
      <split:reconciled-state>n</split:reconciled-state>
      <split:value>52500/100</split:value>
      <split:quantity>52500/100</split:quantity>
      <split:account type="guid">329b2c5196efdaf54e1321e05b9f0875</split:account>
    </trn:split>
    <trn:split>
      <split:id type="guid">9a9ab1a120889414bce6bd3b4c92fb7e</split:id>
      <split:reconciled-state>n</split:reconciled-state>
      <split:value>-52500/100</split:value>
      <split:quantity>-52500/100</split:quantity>
      <split:account type="guid">ab52d1a8fbd5883a788d51bd29c77e84</split:account>
    </trn:split>
  </trn:splits>
</gnc:transaction>
<gnc:transaction version="2.0.0">
  <trn:id type="guid">ce7165530584bee35a5dd7978a044932</trn:id>
  <trn:date-posted>
    <ts:date>1997-06-02 00:00:00 -0400</ts:date>
  </trn:date-posted>
  <trn:date-entered>
    <ts:date>2001-03-26 15:43:52 -0500</ts:date>
    <ts:ns>915272000</ts:ns>
  </trn:date-entered>
  <trn:description>LDPC Co.</trn:description>
  <trn:splits>
    <trn:split>
      <split:id type="guid">a291289c090f68da1f9db04019b436fa</split:id>
      <split:reconciled-state>n</split:reconciled-state>
      <split:value>-10000/100</split:value>
      <split:quantity>-10000/100</split:quantity>
      <split:account type="guid">9defb6c42135fa2f4036762c8926c8ca</split:account>
    </trn:split>
    <trn:split>
      <split:id type="guid">ae73f7bbc613e8310e4e1ffc9d90b712</split:id>
      <split:reconciled-state>n</split:reconciled-state>
      <split:value>10000/100</split:value>
      <split:quantity>10000/100</split:quantity>
      <split:account type="guid">ab52d1a8fbd5883a788d51bd29c77e84</split:account>
    </trn:split>
  </trn:splits>
</gnc:transaction>
<gnc:transaction version="2.0.0">
  <trn:id type="guid">945f95941db96567f0758ed55be7ef13</trn:id>
  <trn:date-posted>
    <ts:date>1997-06-02 00:00:00 -0400</ts:date>
  </trn:date-posted>
  <trn:date-entered>
    <ts:date>2001-03-26 15:43:52 -0500</ts:date>
    <ts:ns>919308000</ts:ns>
  </trn:date-entered>
  <trn:description>AN</trn:description>
  <trn:splits>
    <trn:split>
      <split:id type="guid">c2d05d847f205b590e6714b4ccfe3706</split:id>
      <split:reconciled-state>n</split:reconciled-state>
      <split:value>-1657/100</split:value>
      <split:quantity>-1657/100</split:quantity>
      <split:account type="guid">9defb6c42135fa2f4036762c8926c8ca</split:account>
    </trn:split>
    <trn:split>
      <split:id type="guid">2c80561c8d595ca6e8825b95e14aa53e</split:id>
      <split:reconciled-state>n</split:reconciled-state>
      <split:value>1657/100</split:value>
      <split:quantity>1657/100</split:quantity>
      <split:account type="guid">ab52d1a8fbd5883a788d51bd29c77e84</split:account>
    </trn:split>
  </trn:splits>
</gnc:transaction>
<gnc:transaction version="2.0.0">
  <trn:id type="guid">6d59952c3fd084f3975f0b03a3754762</trn:id>
  <trn:num>285</trn:num>
  <trn:date-posted>
    <ts:date>1997-06-02 00:00:00 -0400</ts:date>
  </trn:date-posted>
  <trn:date-entered>
    <ts:date>2001-03-26 15:43:52 -0500</ts:date>
    <ts:ns>923215000</ts:ns>
  </trn:date-entered>
  <trn:description>LDPC</trn:description>
  <trn:splits>
    <trn:split>
      <split:id type="guid">0ae9bb7d6f819ec29f2e9054a52611ab</split:id>
      <split:reconciled-state>n</split:reconciled-state>
      <split:value>557/100</split:value>
      <split:quantity>557/100</split:quantity>
      <split:account type="guid">8d9a8e4928257f0b0aaee042057d8012</split:account>
    </trn:split>
    <trn:split>
      <split:id type="guid">c356713b1cc44e278292ff19fe78a88d</split:id>
      <split:reconciled-state>n</split:reconciled-state>
      <split:value>-557/100</split:value>
      <split:quantity>-557/100</split:quantity>
      <split:account type="guid">ab52d1a8fbd5883a788d51bd29c77e84</split:account>
    </trn:split>
  </trn:splits>
</gnc:transaction>
<gnc:transaction version="2.0.0">
  <trn:id type="guid">5814d7d7dbf20973ede0b9a5f858478f</trn:id>
  <trn:num>286</trn:num>
  <trn:date-posted>
    <ts:date>1997-06-02 00:00:00 -0400</ts:date>
  </trn:date-posted>
  <trn:date-entered>
    <ts:date>2001-03-26 15:43:52 -0500</ts:date>
    <ts:ns>929466000</ts:ns>
  </trn:date-entered>
  <trn:description>PC</trn:description>
  <trn:splits>
    <trn:split>
      <split:id type="guid">459ef59f94bf5dec6a78d95b3f2347e3</split:id>
      <split:reconciled-state>n</split:reconciled-state>
      <split:value>4462/100</split:value>
      <split:quantity>4462/100</split:quantity>
      <split:account type="guid">5fc1c6a2a79889318f644120ac82c8ee</split:account>
    </trn:split>
    <trn:split>
      <split:id type="guid">5d1a2eb53c7cb96990b9a8ca771c21e7</split:id>
      <split:reconciled-state>n</split:reconciled-state>
      <split:value>-4462/100</split:value>
      <split:quantity>-4462/100</split:quantity>
      <split:account type="guid">ab52d1a8fbd5883a788d51bd29c77e84</split:account>
    </trn:split>
  </trn:splits>
</gnc:transaction>
<gnc:transaction version="2.0.0">
  <trn:id type="guid">a0c7b2f3a8bd21cc20a956f3e1f1e213</trn:id>
  <trn:date-posted>
    <ts:date>1997-06-05 00:00:00 -0400</ts:date>
  </trn:date-posted>
  <trn:date-entered>
    <ts:date>2001-03-26 15:43:52 -0500</ts:date>
    <ts:ns>933294000</ts:ns>
  </trn:date-entered>
  <trn:description>Boss1</trn:description>
  <trn:splits>
    <trn:split>
      <split:id type="guid">08f51b4a7661553dd748f0749366354c</split:id>
      <split:reconciled-state>n</split:reconciled-state>
      <split:value>-79580/100</split:value>
      <split:quantity>-79580/100</split:quantity>
      <split:account type="guid">60a59d2467d55241a1f13d5c0c43fa1b</split:account>
    </trn:split>
    <trn:split>
      <split:id type="guid">6fa26a9227791f5584d451291d310aa9</split:id>
      <split:reconciled-state>n</split:reconciled-state>
      <split:value>79580/100</split:value>
      <split:quantity>79580/100</split:quantity>
      <split:account type="guid">ab52d1a8fbd5883a788d51bd29c77e84</split:account>
    </trn:split>
  </trn:splits>
</gnc:transaction>
<gnc:transaction version="2.0.0">
  <trn:id type="guid">e767808c76ef6beedaece0dfd14d01f8</trn:id>
  <trn:date-posted>
    <ts:date>1997-06-05 00:00:00 -0400</ts:date>
  </trn:date-posted>
  <trn:date-entered>
    <ts:date>2001-03-26 15:43:52 -0500</ts:date>
    <ts:ns>938773000</ts:ns>
  </trn:date-entered>
  <trn:description>Boss1</trn:description>
  <trn:splits>
    <trn:split>
      <split:id type="guid">dfbeac03e9486bb62ae8bd9fb7247582</split:id>
      <split:reconciled-state>n</split:reconciled-state>
      <split:value>-199603/100</split:value>
      <split:quantity>-199603/100</split:quantity>
      <split:account type="guid">4da6e3f697287c126a6827efd63a0b43</split:account>
    </trn:split>
    <trn:split>
      <split:id type="guid">a8b45da8569d554a36b2a7044de6be32</split:id>
      <split:reconciled-state>n</split:reconciled-state>
      <split:value>199603/100</split:value>
      <split:quantity>199603/100</split:quantity>
      <split:account type="guid">ab52d1a8fbd5883a788d51bd29c77e84</split:account>
    </trn:split>
  </trn:splits>
</gnc:transaction>
<gnc:transaction version="2.0.0">
  <trn:id type="guid">022e64fdb68b4103020fd69957ce7767</trn:id>
  <trn:date-posted>
    <ts:date>1997-06-05 00:00:00 -0400</ts:date>
  </trn:date-posted>
  <trn:date-entered>
    <ts:date>2001-03-26 15:43:52 -0500</ts:date>
    <ts:ns>942684000</ts:ns>
  </trn:date-entered>
  <trn:description>Boss1</trn:description>
  <trn:splits>
    <trn:split>
      <split:id type="guid">65b8017061e290f22c2fbc5c2f710b6a</split:id>
      <split:reconciled-state>n</split:reconciled-state>
      <split:value>-40000/100</split:value>
      <split:quantity>-40000/100</split:quantity>
      <split:account type="guid">60a59d2467d55241a1f13d5c0c43fa1b</split:account>
    </trn:split>
    <trn:split>
      <split:id type="guid">b7cb2138962a722aa0fb843a907faf6d</split:id>
      <split:reconciled-state>n</split:reconciled-state>
      <split:value>40000/100</split:value>
      <split:quantity>40000/100</split:quantity>
      <split:account type="guid">ab52d1a8fbd5883a788d51bd29c77e84</split:account>
    </trn:split>
  </trn:splits>
</gnc:transaction>
<gnc:transaction version="2.0.0">
  <trn:id type="guid">651a5e321a645022b055de7ff25e6db4</trn:id>
  <trn:date-posted>
    <ts:date>1997-06-09 00:00:00 -0400</ts:date>
  </trn:date-posted>
  <trn:date-entered>
    <ts:date>2001-03-26 15:43:52 -0500</ts:date>
    <ts:ns>956025000</ts:ns>
  </trn:date-entered>
  <trn:description>Power Co.</trn:description>
  <trn:splits>
    <trn:split>
      <split:id type="guid">65a3ba67425fe2fdaed4ea3e9986f4e1</split:id>
      <split:reconciled-state>n</split:reconciled-state>
      <split:value>1898/100</split:value>
      <split:quantity>1898/100</split:quantity>
      <split:account type="guid">92b05cc5070282b02b05e60f161a5882</split:account>
    </trn:split>
    <trn:split>
      <split:id type="guid">6f869a9af38bf5e1f2c4dcd427cb45ab</split:id>
      <split:reconciled-state>n</split:reconciled-state>
      <split:value>-1898/100</split:value>
      <split:quantity>-1898/100</split:quantity>
      <split:account type="guid">ab52d1a8fbd5883a788d51bd29c77e84</split:account>
    </trn:split>
  </trn:splits>
</gnc:transaction>
<gnc:transaction version="2.0.0">
  <trn:id type="guid">fc085b8b12c6d0e2bcfc4926c487bf38</trn:id>
  <trn:date-posted>
    <ts:date>1997-06-10 00:00:00 -0400</ts:date>
  </trn:date-posted>
  <trn:date-entered>
    <ts:date>2001-03-26 15:43:52 -0500</ts:date>
    <ts:ns>959771000</ts:ns>
  </trn:date-entered>
  <trn:description>School</trn:description>
  <trn:splits>
    <trn:split>
      <split:id type="guid">186266d6fc91f0a99588c26c3a6c5fbf</split:id>
      <split:reconciled-state>n</split:reconciled-state>
      <split:value>-131873/100</split:value>
      <split:quantity>-131873/100</split:quantity>
      <split:account type="guid">4da6e3f697287c126a6827efd63a0b43</split:account>
    </trn:split>
    <trn:split>
      <split:id type="guid">519addd050903148b123c0b9a90445f3</split:id>
      <split:reconciled-state>n</split:reconciled-state>
      <split:value>131873/100</split:value>
      <split:quantity>131873/100</split:quantity>
      <split:account type="guid">ab52d1a8fbd5883a788d51bd29c77e84</split:account>
    </trn:split>
  </trn:splits>
</gnc:transaction>
<gnc:transaction version="2.0.0">
  <trn:id type="guid">ad0b49172f5f3cfdc36d8e77f9300d22</trn:id>
  <trn:date-posted>
    <ts:date>1997-06-11 00:00:00 -0400</ts:date>
  </trn:date-posted>
  <trn:date-entered>
    <ts:date>2001-03-26 15:43:52 -0500</ts:date>
    <ts:ns>963589000</ts:ns>
  </trn:date-entered>
  <trn:description>PC</trn:description>
  <trn:splits>
    <trn:split>
      <split:id type="guid">acab4e7ebe17d3f569fbe74929a6707d</split:id>
      <split:reconciled-state>n</split:reconciled-state>
      <split:value>5897/100</split:value>
      <split:quantity>5897/100</split:quantity>
      <split:account type="guid">9defb6c42135fa2f4036762c8926c8ca</split:account>
    </trn:split>
    <trn:split>
      <split:id type="guid">61302c167f8d3bfa17c7d2c84d57fd80</split:id>
      <split:reconciled-state>n</split:reconciled-state>
      <split:value>-5897/100</split:value>
      <split:quantity>-5897/100</split:quantity>
      <split:account type="guid">ab52d1a8fbd5883a788d51bd29c77e84</split:account>
    </trn:split>
  </trn:splits>
</gnc:transaction>
<gnc:transaction version="2.0.0">
  <trn:id type="guid">897cfd2f277906a23aa23abb860427e4</trn:id>
  <trn:num>287</trn:num>
  <trn:date-posted>
    <ts:date>1997-06-13 00:00:00 -0400</ts:date>
  </trn:date-posted>
  <trn:date-entered>
    <ts:date>2001-03-26 15:43:52 -0500</ts:date>
    <ts:ns>983797000</ts:ns>
  </trn:date-entered>
  <trn:description>Insurance</trn:description>
  <trn:splits>
    <trn:split>
      <split:id type="guid">3f6b3abc82a6a74ecae20466263e6e48</split:id>
      <split:reconciled-state>n</split:reconciled-state>
      <split:value>50100/100</split:value>
      <split:quantity>50100/100</split:quantity>
      <split:account type="guid">cc640e911a739a6f58675333704ce9de</split:account>
    </trn:split>
    <trn:split>
      <split:id type="guid">0ab0b745807a3268d877d90de7f861f1</split:id>
      <split:reconciled-state>n</split:reconciled-state>
      <split:value>-50100/100</split:value>
      <split:quantity>-50100/100</split:quantity>
      <split:account type="guid">ab52d1a8fbd5883a788d51bd29c77e84</split:account>
    </trn:split>
  </trn:splits>
</gnc:transaction>
<gnc:transaction version="2.0.0">
  <trn:id type="guid">de6de8178ac4fb1dea5aa72a40c04409</trn:id>
  <trn:date-posted>
    <ts:date>1997-06-14 00:00:00 -0400</ts:date>
  </trn:date-posted>
  <trn:date-entered>
    <ts:date>2001-03-26 15:43:53 -0500</ts:date>
    <ts:ns>11908000</ts:ns>
  </trn:date-entered>
  <trn:description>Cash</trn:description>
  <trn:splits>
    <trn:split>
      <split:id type="guid">3aa9b07b1460ca1b5f1b7996220c71af</split:id>
      <split:reconciled-state>n</split:reconciled-state>
      <split:value>200000/100</split:value>
      <split:quantity>200000/100</split:quantity>
      <split:account type="guid">9defb6c42135fa2f4036762c8926c8ca</split:account>
    </trn:split>
    <trn:split>
      <split:id type="guid">b9f24970b66bb96731b86404314e093b</split:id>
      <split:reconciled-state>n</split:reconciled-state>
      <split:value>-200000/100</split:value>
      <split:quantity>-200000/100</split:quantity>
      <split:account type="guid">ab52d1a8fbd5883a788d51bd29c77e84</split:account>
    </trn:split>
  </trn:splits>
</gnc:transaction>
<gnc:transaction version="2.0.0">
  <trn:id type="guid">4a2b7825cd82365d3e948ac1ca36fa69</trn:id>
  <trn:num>288</trn:num>
  <trn:date-posted>
    <ts:date>1997-06-14 00:00:00 -0400</ts:date>
  </trn:date-posted>
  <trn:date-entered>
    <ts:date>2001-03-26 15:43:53 -0500</ts:date>
    <ts:ns>17571000</ts:ns>
  </trn:date-entered>
  <trn:description>NB</trn:description>
  <trn:splits>
    <trn:split>
      <split:id type="guid">05a69453f66b4c7dbdb7bad032de8f9c</split:id>
      <split:reconciled-state>n</split:reconciled-state>
      <split:value>160040/100</split:value>
      <split:quantity>160040/100</split:quantity>
      <split:account type="guid">5fc1c6a2a79889318f644120ac82c8ee</split:account>
    </trn:split>
    <trn:split>
      <split:id type="guid">d1597bc93fcb85b3bd0643423095eabf</split:id>
      <split:reconciled-state>n</split:reconciled-state>
      <split:value>-160040/100</split:value>
      <split:quantity>-160040/100</split:quantity>
      <split:account type="guid">ab52d1a8fbd5883a788d51bd29c77e84</split:account>
    </trn:split>
  </trn:splits>
</gnc:transaction>
<gnc:transaction version="2.0.0">
  <trn:id type="guid">e40a87e2b15b271ea3e0c61c5eed9136</trn:id>
  <trn:num>289</trn:num>
  <trn:date-posted>
    <ts:date>1997-06-14 00:00:00 -0400</ts:date>
  </trn:date-posted>
  <trn:date-entered>
    <ts:date>2001-03-26 15:43:53 -0500</ts:date>
    <ts:ns>21529000</ts:ns>
  </trn:date-entered>
  <trn:description>Pacific Bell</trn:description>
  <trn:splits>
    <trn:split>
      <split:id type="guid">0fe2b2046e845c2d434c6013907f3ce3</split:id>
      <split:reconciled-state>n</split:reconciled-state>
      <split:value>1645/100</split:value>
      <split:quantity>1645/100</split:quantity>
      <split:account type="guid">8d9a8e4928257f0b0aaee042057d8012</split:account>
    </trn:split>
    <trn:split>
      <split:id type="guid">3b52b1c474ca249aa8b97ff581516cf2</split:id>
      <split:reconciled-state>n</split:reconciled-state>
      <split:value>-1645/100</split:value>
      <split:quantity>-1645/100</split:quantity>
      <split:account type="guid">ab52d1a8fbd5883a788d51bd29c77e84</split:account>
    </trn:split>
  </trn:splits>
</gnc:transaction>
<gnc:transaction version="2.0.0">
  <trn:id type="guid">4fdca16d29e90da560796d93b26ada6f</trn:id>
  <trn:num>290</trn:num>
  <trn:date-posted>
    <ts:date>1997-06-14 00:00:00 -0400</ts:date>
  </trn:date-posted>
  <trn:date-entered>
    <ts:date>2001-03-26 15:43:53 -0500</ts:date>
    <ts:ns>27169000</ts:ns>
  </trn:date-entered>
  <trn:description>C Master Card</trn:description>
  <trn:splits>
    <trn:split>
      <split:id type="guid">aa8c51f36d3dc503fa958b394c66307e</split:id>
      <split:reconciled-state>n</split:reconciled-state>
      <split:value>19707/100</split:value>
      <split:quantity>19707/100</split:quantity>
      <split:account type="guid">5fc1c6a2a79889318f644120ac82c8ee</split:account>
    </trn:split>
    <trn:split>
      <split:id type="guid">bd256365fb15957e5ae0966075c3d3a6</split:id>
      <split:reconciled-state>n</split:reconciled-state>
      <split:value>-19707/100</split:value>
      <split:quantity>-19707/100</split:quantity>
      <split:account type="guid">ab52d1a8fbd5883a788d51bd29c77e84</split:account>
    </trn:split>
  </trn:splits>
</gnc:transaction>
<gnc:transaction version="2.0.0">
  <trn:id type="guid">ebeed163269757bc5399be61e889e321</trn:id>
  <trn:date-posted>
    <ts:date>1997-06-24 00:00:00 -0400</ts:date>
  </trn:date-posted>
  <trn:date-entered>
    <ts:date>2001-03-26 15:43:53 -0500</ts:date>
    <ts:ns>31076000</ts:ns>
  </trn:date-entered>
  <trn:description>School</trn:description>
  <trn:splits>
    <trn:split>
      <split:id type="guid">152d2f8773303341d0209109c93a05e0</split:id>
      <split:reconciled-state>n</split:reconciled-state>
      <split:value>-7650/100</split:value>
      <split:quantity>-7650/100</split:quantity>
      <split:account type="guid">60a59d2467d55241a1f13d5c0c43fa1b</split:account>
    </trn:split>
    <trn:split>
      <split:id type="guid">bb4eae87754d159bb3c6cd479365ec5b</split:id>
      <split:reconciled-state>n</split:reconciled-state>
      <split:value>7650/100</split:value>
      <split:quantity>7650/100</split:quantity>
      <split:account type="guid">ab52d1a8fbd5883a788d51bd29c77e84</split:account>
    </trn:split>
  </trn:splits>
</gnc:transaction>
<gnc:transaction version="2.0.0">
  <trn:id type="guid">d3b8043b3196da237eea9a143e26431e</trn:id>
  <trn:num>291</trn:num>
  <trn:date-posted>
    <ts:date>1997-06-24 00:00:00 -0400</ts:date>
  </trn:date-posted>
  <trn:date-entered>
    <ts:date>2001-03-26 15:43:53 -0500</ts:date>
    <ts:ns>39088000</ts:ns>
  </trn:date-entered>
  <trn:description>MC</trn:description>
  <trn:splits>
    <trn:split>
      <split:id type="guid">e9e6466cdd13c2337df13895267db192</split:id>
      <split:reconciled-state>n</split:reconciled-state>
      <split:value>24257/100</split:value>
      <split:quantity>24257/100</split:quantity>
      <split:account type="guid">baaf4f690ee338fe4b0cf67dd6c2bf8a</split:account>
    </trn:split>
    <trn:split>
      <split:id type="guid">abeded579dda59f0f8e62776107714e6</split:id>
      <split:reconciled-state>n</split:reconciled-state>
      <split:value>-24257/100</split:value>
      <split:quantity>-24257/100</split:quantity>
      <split:account type="guid">ab52d1a8fbd5883a788d51bd29c77e84</split:account>
    </trn:split>
  </trn:splits>
</gnc:transaction>
<gnc:transaction version="2.0.0">
  <trn:id type="guid">4302b0d7a1e8e7f94ebfb7556e306686</trn:id>
  <trn:num>292</trn:num>
  <trn:date-posted>
    <ts:date>1997-06-24 00:00:00 -0400</ts:date>
  </trn:date-posted>
  <trn:date-entered>
    <ts:date>2001-03-26 15:43:53 -0500</ts:date>
    <ts:ns>42937000</ts:ns>
  </trn:date-entered>
  <trn:description>PC</trn:description>
  <trn:splits>
    <trn:split>
      <split:id type="guid">44ed1fba7f70c1f3e653ac60baf09d1b</split:id>
      <split:reconciled-state>n</split:reconciled-state>
      <split:value>4203/100</split:value>
      <split:quantity>4203/100</split:quantity>
      <split:account type="guid">9defb6c42135fa2f4036762c8926c8ca</split:account>
    </trn:split>
    <trn:split>
      <split:id type="guid">2e222aacc4577c8c102c7d60a0dc2a92</split:id>
      <split:reconciled-state>n</split:reconciled-state>
      <split:value>-4203/100</split:value>
      <split:quantity>-4203/100</split:quantity>
      <split:account type="guid">ab52d1a8fbd5883a788d51bd29c77e84</split:account>
    </trn:split>
  </trn:splits>
</gnc:transaction>
<gnc:transaction version="2.0.0">
  <trn:id type="guid">897dad8df9174b77150e38e36cbabc35</trn:id>
  <trn:num>293</trn:num>
  <trn:date-posted>
    <ts:date>1997-06-24 00:00:00 -0400</ts:date>
  </trn:date-posted>
  <trn:date-entered>
    <ts:date>2001-03-26 15:43:53 -0500</ts:date>
    <ts:ns>52741000</ts:ns>
  </trn:date-entered>
  <trn:description>HMH</trn:description>
  <trn:splits>
    <trn:split>
      <split:id type="guid">924e05194f60bca43f2239b3a45511ed</split:id>
      <split:reconciled-state>n</split:reconciled-state>
      <split:value>3020/100</split:value>
      <split:quantity>3020/100</split:quantity>
      <split:account type="guid">60845136829c50ec4a09675a08c2da24</split:account>
    </trn:split>
    <trn:split>
      <split:id type="guid">617993e05ef9f4d27c075bf6d746692a</split:id>
      <split:reconciled-state>n</split:reconciled-state>
      <split:value>-3020/100</split:value>
      <split:quantity>-3020/100</split:quantity>
      <split:account type="guid">ab52d1a8fbd5883a788d51bd29c77e84</split:account>
    </trn:split>
  </trn:splits>
</gnc:transaction>
<gnc:transaction version="2.0.0">
  <trn:id type="guid">d8cedee0d2458f504a0f9a1621faa569</trn:id>
  <trn:num>294</trn:num>
  <trn:date-posted>
    <ts:date>1997-06-24 00:00:00 -0400</ts:date>
  </trn:date-posted>
  <trn:date-entered>
    <ts:date>2001-03-26 15:43:53 -0500</ts:date>
    <ts:ns>67385000</ts:ns>
  </trn:date-entered>
  <trn:description>Landlord</trn:description>
  <trn:splits>
    <trn:split>
      <split:id type="guid">b116072250be8208f80e994fe121efb6</split:id>
      <split:reconciled-state>n</split:reconciled-state>
      <split:value>52500/100</split:value>
      <split:quantity>52500/100</split:quantity>
      <split:account type="guid">329b2c5196efdaf54e1321e05b9f0875</split:account>
    </trn:split>
    <trn:split>
      <split:id type="guid">10206b5ae941175845308c0a398dff93</split:id>
      <split:reconciled-state>n</split:reconciled-state>
      <split:value>-52500/100</split:value>
      <split:quantity>-52500/100</split:quantity>
      <split:account type="guid">ab52d1a8fbd5883a788d51bd29c77e84</split:account>
    </trn:split>
  </trn:splits>
</gnc:transaction>
<gnc:transaction version="2.0.0">
  <trn:id type="guid">99ca076f81649296fa7e71194b2bb618</trn:id>
  <trn:date-posted>
    <ts:date>1997-07-02 00:00:00 -0400</ts:date>
  </trn:date-posted>
  <trn:date-entered>
    <ts:date>2001-03-26 15:43:53 -0500</ts:date>
    <ts:ns>71163000</ts:ns>
  </trn:date-entered>
  <trn:description>Power Co.</trn:description>
  <trn:splits>
    <trn:split>
      <split:id type="guid">f3ae02db04d51fe05598a0f3d67aa2ac</split:id>
      <split:reconciled-state>n</split:reconciled-state>
      <split:value>2369/100</split:value>
      <split:quantity>2369/100</split:quantity>
      <split:account type="guid">92b05cc5070282b02b05e60f161a5882</split:account>
    </trn:split>
    <trn:split>
      <split:id type="guid">0a223bdc3842aaf89031056028db7495</split:id>
      <split:reconciled-state>n</split:reconciled-state>
      <split:value>-2369/100</split:value>
      <split:quantity>-2369/100</split:quantity>
      <split:account type="guid">ab52d1a8fbd5883a788d51bd29c77e84</split:account>
    </trn:split>
  </trn:splits>
</gnc:transaction>
<gnc:transaction version="2.0.0">
  <trn:id type="guid">4468644fe09284cf64d29da418f03805</trn:id>
  <trn:num>295</trn:num>
  <trn:date-posted>
    <ts:date>1997-07-02 00:00:00 -0400</ts:date>
  </trn:date-posted>
  <trn:date-entered>
    <ts:date>2001-03-26 15:43:53 -0500</ts:date>
    <ts:ns>75908000</ts:ns>
  </trn:date-entered>
  <trn:description>LDPC</trn:description>
  <trn:splits>
    <trn:split>
      <split:id type="guid">1506207b9579dc4f1aa13017e2c88b40</split:id>
      <split:reconciled-state>n</split:reconciled-state>
      <split:value>1824/100</split:value>
      <split:quantity>1824/100</split:quantity>
      <split:account type="guid">8d9a8e4928257f0b0aaee042057d8012</split:account>
    </trn:split>
    <trn:split>
      <split:id type="guid">13e3521cebf660d1aa288cf1c48578de</split:id>
      <split:reconciled-state>n</split:reconciled-state>
      <split:value>-1824/100</split:value>
      <split:quantity>-1824/100</split:quantity>
      <split:account type="guid">ab52d1a8fbd5883a788d51bd29c77e84</split:account>
    </trn:split>
  </trn:splits>
</gnc:transaction>
<gnc:transaction version="2.0.0">
  <trn:id type="guid">5833a5d89a377c1b7ed78afb17210d70</trn:id>
  <trn:num>296</trn:num>
  <trn:date-posted>
    <ts:date>1997-07-03 00:00:00 -0400</ts:date>
  </trn:date-posted>
  <trn:date-entered>
    <ts:date>2001-03-26 15:43:53 -0500</ts:date>
    <ts:ns>79830000</ts:ns>
  </trn:date-entered>
  <trn:description>Pacific Bell</trn:description>
  <trn:splits>
    <trn:split>
      <split:id type="guid">e42a0df7ca6fcd7e29dca382dca8f180</split:id>
      <split:reconciled-state>n</split:reconciled-state>
      <split:value>6403/100</split:value>
      <split:quantity>6403/100</split:quantity>
      <split:account type="guid">8d9a8e4928257f0b0aaee042057d8012</split:account>
    </trn:split>
    <trn:split>
      <split:id type="guid">a4ad94d75253eafc99b421abf49e3afa</split:id>
      <split:reconciled-state>n</split:reconciled-state>
      <split:value>-6403/100</split:value>
      <split:quantity>-6403/100</split:quantity>
      <split:account type="guid">ab52d1a8fbd5883a788d51bd29c77e84</split:account>
    </trn:split>
  </trn:splits>
</gnc:transaction>
<gnc:transaction version="2.0.0">
  <trn:id type="guid">40b948feefb4f7282083d330da4f3bb8</trn:id>
  <trn:date-posted>
    <ts:date>1997-07-10 00:00:00 -0400</ts:date>
  </trn:date-posted>
  <trn:date-entered>
    <ts:date>2001-03-26 15:43:53 -0500</ts:date>
    <ts:ns>86821000</ts:ns>
  </trn:date-entered>
  <trn:description>School</trn:description>
  <trn:splits>
    <trn:split>
      <split:id type="guid">8cda3ca9ccfed1c2d84920789471731e</split:id>
      <split:reconciled-state>n</split:reconciled-state>
      <split:value>-131873/100</split:value>
      <split:quantity>-131873/100</split:quantity>
      <split:account type="guid">4da6e3f697287c126a6827efd63a0b43</split:account>
    </trn:split>
    <trn:split>
      <split:id type="guid">6711ed19549b67d69c221d05b4880024</split:id>
      <split:reconciled-state>n</split:reconciled-state>
      <split:value>131873/100</split:value>
      <split:quantity>131873/100</split:quantity>
      <split:account type="guid">ab52d1a8fbd5883a788d51bd29c77e84</split:account>
    </trn:split>
  </trn:splits>
</gnc:transaction>
<gnc:transaction version="2.0.0">
  <trn:id type="guid">3c43cb682217599720d97883e05d17b2</trn:id>
  <trn:num>297</trn:num>
  <trn:date-posted>
    <ts:date>1997-07-14 00:00:00 -0400</ts:date>
  </trn:date-posted>
  <trn:date-entered>
    <ts:date>2001-03-26 15:43:53 -0500</ts:date>
    <ts:ns>91686000</ts:ns>
  </trn:date-entered>
  <trn:description>NB</trn:description>
  <trn:splits>
    <trn:split>
      <split:id type="guid">aa3c0ee7b1e440b03d4ca31921571300</split:id>
      <split:reconciled-state>n</split:reconciled-state>
      <split:value>43343/100</split:value>
      <split:quantity>43343/100</split:quantity>
      <split:account type="guid">5fc1c6a2a79889318f644120ac82c8ee</split:account>
    </trn:split>
    <trn:split>
      <split:id type="guid">abad7638636568d073b8c58900cc929f</split:id>
      <split:reconciled-state>n</split:reconciled-state>
      <split:value>-43343/100</split:value>
      <split:quantity>-43343/100</split:quantity>
      <split:account type="guid">ab52d1a8fbd5883a788d51bd29c77e84</split:account>
    </trn:split>
  </trn:splits>
</gnc:transaction>
<gnc:transaction version="2.0.0">
  <trn:id type="guid">394ee7a0ab7014566da7a11a81c48e10</trn:id>
  <trn:num>298</trn:num>
  <trn:date-posted>
    <ts:date>1997-07-14 00:00:00 -0400</ts:date>
  </trn:date-posted>
  <trn:date-entered>
    <ts:date>2001-03-26 15:43:53 -0500</ts:date>
    <ts:ns>98862000</ts:ns>
  </trn:date-entered>
  <trn:description>C Master Card</trn:description>
  <trn:splits>
    <trn:split>
      <split:id type="guid">a4635cf13fb19baeb76838f6f6840cdd</split:id>
      <split:reconciled-state>n</split:reconciled-state>
      <split:value>78050/100</split:value>
      <split:quantity>78050/100</split:quantity>
      <split:account type="guid">5fc1c6a2a79889318f644120ac82c8ee</split:account>
    </trn:split>
    <trn:split>
      <split:id type="guid">ec5787436adc2bc8d3f6646c95668fa3</split:id>
      <split:reconciled-state>n</split:reconciled-state>
      <split:value>-78050/100</split:value>
      <split:quantity>-78050/100</split:quantity>
      <split:account type="guid">ab52d1a8fbd5883a788d51bd29c77e84</split:account>
    </trn:split>
  </trn:splits>
</gnc:transaction>
<gnc:transaction version="2.0.0">
  <trn:id type="guid">1d0a0c09a591bcb2d1b71563d52fd0a9</trn:id>
  <trn:num>299</trn:num>
  <trn:date-posted>
    <ts:date>1997-07-14 00:00:00 -0400</ts:date>
  </trn:date-posted>
  <trn:date-entered>
    <ts:date>2001-03-26 15:43:53 -0500</ts:date>
    <ts:ns>102930000</ts:ns>
  </trn:date-entered>
  <trn:description>Pacific Bell</trn:description>
  <trn:splits>
    <trn:split>
      <split:id type="guid">a6dc948f17564a60f5d1ebaa4c4c1bfe</split:id>
      <split:reconciled-state>n</split:reconciled-state>
      <split:value>1657/100</split:value>
      <split:quantity>1657/100</split:quantity>
      <split:account type="guid">8d9a8e4928257f0b0aaee042057d8012</split:account>
    </trn:split>
    <trn:split>
      <split:id type="guid">09c63542fe2f793f9e84ce5c62548a56</split:id>
      <split:reconciled-state>n</split:reconciled-state>
      <split:value>-1657/100</split:value>
      <split:quantity>-1657/100</split:quantity>
      <split:account type="guid">ab52d1a8fbd5883a788d51bd29c77e84</split:account>
    </trn:split>
  </trn:splits>
</gnc:transaction>
<gnc:transaction version="2.0.0">
  <trn:id type="guid">ce4bb57aeb6ff0f331fe775bf554cf59</trn:id>
  <trn:num>300</trn:num>
  <trn:date-posted>
    <ts:date>1997-07-28 00:00:00 -0400</ts:date>
  </trn:date-posted>
  <trn:date-entered>
    <ts:date>2001-03-26 15:43:53 -0500</ts:date>
    <ts:ns>113775000</ts:ns>
  </trn:date-entered>
  <trn:description>SL</trn:description>
  <trn:splits>
    <trn:split>
      <split:id type="guid">5bf77b7b17e567d7f20c9b52007b99be</split:id>
      <split:reconciled-state>n</split:reconciled-state>
      <split:value>75000/100</split:value>
      <split:quantity>75000/100</split:quantity>
      <split:account type="guid">96d92c6744c5df991da54c700630fe72</split:account>
    </trn:split>
    <trn:split>
      <split:id type="guid">fa56bf17b8d61e956da18139a01728ca</split:id>
      <split:reconciled-state>n</split:reconciled-state>
      <split:value>-75000/100</split:value>
      <split:quantity>-75000/100</split:quantity>
      <split:account type="guid">ab52d1a8fbd5883a788d51bd29c77e84</split:account>
    </trn:split>
  </trn:splits>
</gnc:transaction>
<gnc:transaction version="2.0.0">
  <trn:id type="guid">c88269043c5fa6f7269d91c6b3569cf6</trn:id>
  <trn:num>301</trn:num>
  <trn:date-posted>
    <ts:date>1997-07-28 00:00:00 -0400</ts:date>
  </trn:date-posted>
  <trn:date-entered>
    <ts:date>2001-03-26 15:43:53 -0500</ts:date>
    <ts:ns>119797000</ts:ns>
  </trn:date-entered>
  <trn:description>Landlord</trn:description>
  <trn:splits>
    <trn:split>
      <split:id type="guid">9970e1cf2905d15049d63b79df308af3</split:id>
      <split:reconciled-state>n</split:reconciled-state>
      <split:value>52500/100</split:value>
      <split:quantity>52500/100</split:quantity>
      <split:account type="guid">329b2c5196efdaf54e1321e05b9f0875</split:account>
    </trn:split>
    <trn:split>
      <split:id type="guid">2f29ecc303f67d052aa6c1a61ae41361</split:id>
      <split:reconciled-state>n</split:reconciled-state>
      <split:value>-52500/100</split:value>
      <split:quantity>-52500/100</split:quantity>
      <split:account type="guid">ab52d1a8fbd5883a788d51bd29c77e84</split:account>
    </trn:split>
  </trn:splits>
</gnc:transaction>
<gnc:transaction version="2.0.0">
  <trn:id type="guid">ada1f7d5db1d5940e00e2f8704f2a417</trn:id>
  <trn:date-posted>
    <ts:date>1997-07-31 00:00:00 -0400</ts:date>
  </trn:date-posted>
  <trn:date-entered>
    <ts:date>2001-03-26 15:43:53 -0500</ts:date>
    <ts:ns>123707000</ts:ns>
  </trn:date-entered>
  <trn:description>Power Co.</trn:description>
  <trn:splits>
    <trn:split>
      <split:id type="guid">7aced176458b42ca438e42fa189560d4</split:id>
      <split:reconciled-state>n</split:reconciled-state>
      <split:value>1901/100</split:value>
      <split:quantity>1901/100</split:quantity>
      <split:account type="guid">9defb6c42135fa2f4036762c8926c8ca</split:account>
    </trn:split>
    <trn:split>
      <split:id type="guid">48d5629a0fd79ac54f7635d1db0bbf32</split:id>
      <split:reconciled-state>n</split:reconciled-state>
      <split:value>-1901/100</split:value>
      <split:quantity>-1901/100</split:quantity>
      <split:account type="guid">ab52d1a8fbd5883a788d51bd29c77e84</split:account>
    </trn:split>
  </trn:splits>
</gnc:transaction>
<gnc:transaction version="2.0.0">
  <trn:id type="guid">46c3e7c59c0f1b7ef700f33eac7e00dc</trn:id>
  <trn:date-posted>
    <ts:date>1997-07-31 00:00:00 -0400</ts:date>
  </trn:date-posted>
  <trn:date-entered>
    <ts:date>2001-03-26 15:43:53 -0500</ts:date>
    <ts:ns>130494000</ts:ns>
  </trn:date-entered>
  <trn:description>LDPC</trn:description>
  <trn:splits>
    <trn:split>
      <split:id type="guid">5c8712bc5d87c3ae55fc5fc1fe5e216a</split:id>
      <split:reconciled-state>n</split:reconciled-state>
      <split:value>-10000/100</split:value>
      <split:quantity>-10000/100</split:quantity>
      <split:account type="guid">e9b94c2baee4d4f9489a856f4a8a06e0</split:account>
    </trn:split>
    <trn:split>
      <split:id type="guid">6786edde55236622b04e73518e2144de</split:id>
      <split:reconciled-state>n</split:reconciled-state>
      <split:value>10000/100</split:value>
      <split:quantity>10000/100</split:quantity>
      <split:account type="guid">ab52d1a8fbd5883a788d51bd29c77e84</split:account>
    </trn:split>
  </trn:splits>
</gnc:transaction>
<gnc:transaction version="2.0.0">
  <trn:id type="guid">8657a748ebcf8db88b39877178e0bf28</trn:id>
  <trn:num>302</trn:num>
  <trn:date-posted>
    <ts:date>1997-07-31 00:00:00 -0400</ts:date>
  </trn:date-posted>
  <trn:date-entered>
    <ts:date>2001-03-26 15:43:53 -0500</ts:date>
    <ts:ns>136270000</ts:ns>
  </trn:date-entered>
  <trn:description>LDPC</trn:description>
  <trn:splits>
    <trn:split>
      <split:id type="guid">e46ae9653f9bca90745156e890416cf1</split:id>
      <split:reconciled-state>n</split:reconciled-state>
      <split:value>324/100</split:value>
      <split:quantity>324/100</split:quantity>
      <split:account type="guid">8d9a8e4928257f0b0aaee042057d8012</split:account>
    </trn:split>
    <trn:split>
      <split:id type="guid">024c824a4c8e804e2dfb1b08e7920811</split:id>
      <split:reconciled-state>n</split:reconciled-state>
      <split:value>-324/100</split:value>
      <split:quantity>-324/100</split:quantity>
      <split:account type="guid">ab52d1a8fbd5883a788d51bd29c77e84</split:account>
    </trn:split>
  </trn:splits>
</gnc:transaction>
<gnc:transaction version="2.0.0">
  <trn:id type="guid">18036f6797801ef311d8f6c82b0980a0</trn:id>
  <trn:date-posted>
    <ts:date>1997-08-02 00:00:00 -0400</ts:date>
  </trn:date-posted>
  <trn:date-entered>
    <ts:date>2001-03-26 15:43:53 -0500</ts:date>
    <ts:ns>437157000</ts:ns>
  </trn:date-entered>
  <trn:description>Gov</trn:description>
  <trn:splits>
    <trn:split>
      <split:id type="guid">1dc73cd2cbc8fe231663b599a46e5cb6</split:id>
      <split:reconciled-state>n</split:reconciled-state>
      <split:value>8500/100</split:value>
      <split:quantity>8500/100</split:quantity>
      <split:account type="guid">9defb6c42135fa2f4036762c8926c8ca</split:account>
    </trn:split>
    <trn:split>
      <split:id type="guid">669f8b681f06bb2ebffc7b5544b1bdb6</split:id>
      <split:reconciled-state>n</split:reconciled-state>
      <split:value>-8500/100</split:value>
      <split:quantity>-8500/100</split:quantity>
      <split:account type="guid">ab52d1a8fbd5883a788d51bd29c77e84</split:account>
    </trn:split>
  </trn:splits>
</gnc:transaction>
<gnc:transaction version="2.0.0">
  <trn:id type="guid">fa45b682d2d763a8c06f04852ad31e0c</trn:id>
  <trn:num>303</trn:num>
  <trn:date-posted>
    <ts:date>1997-08-03 00:00:00 -0400</ts:date>
  </trn:date-posted>
  <trn:date-entered>
    <ts:date>2001-03-26 15:43:53 -0500</ts:date>
    <ts:ns>441318000</ts:ns>
  </trn:date-entered>
  <trn:description>Pacific Bell</trn:description>
  <trn:splits>
    <trn:split>
      <split:id type="guid">d29736bd0e5486fb5b842a091a6d6813</split:id>
      <split:reconciled-state>n</split:reconciled-state>
      <split:value>32575/100</split:value>
      <split:quantity>32575/100</split:quantity>
      <split:account type="guid">8d9a8e4928257f0b0aaee042057d8012</split:account>
    </trn:split>
    <trn:split>
      <split:id type="guid">f495e1fcdbe3b3d28b74111fcfe743e0</split:id>
      <split:reconciled-state>n</split:reconciled-state>
      <split:value>-32575/100</split:value>
      <split:quantity>-32575/100</split:quantity>
      <split:account type="guid">ab52d1a8fbd5883a788d51bd29c77e84</split:account>
    </trn:split>
  </trn:splits>
</gnc:transaction>
<gnc:transaction version="2.0.0">
  <trn:id type="guid">c619cdd99573dd31d4443ba4b7580734</trn:id>
  <trn:num>304</trn:num>
  <trn:date-posted>
    <ts:date>1997-08-04 00:00:00 -0400</ts:date>
  </trn:date-posted>
  <trn:date-entered>
    <ts:date>2001-03-26 15:43:53 -0500</ts:date>
    <ts:ns>447733000</ts:ns>
  </trn:date-entered>
  <trn:description>Pacific Bell</trn:description>
  <trn:splits>
    <trn:split>
      <split:id type="guid">4a5006552a46776ae5aa1f54bd05bf14</split:id>
      <split:reconciled-state>n</split:reconciled-state>
      <split:value>1645/100</split:value>
      <split:quantity>1645/100</split:quantity>
      <split:account type="guid">8d9a8e4928257f0b0aaee042057d8012</split:account>
    </trn:split>
    <trn:split>
      <split:id type="guid">ede912527d09b6dd4748ffcf80d0c55c</split:id>
      <split:reconciled-state>n</split:reconciled-state>
      <split:value>-1645/100</split:value>
      <split:quantity>-1645/100</split:quantity>
      <split:account type="guid">ab52d1a8fbd5883a788d51bd29c77e84</split:account>
    </trn:split>
  </trn:splits>
</gnc:transaction>
<gnc:transaction version="2.0.0">
  <trn:id type="guid">9812d1ee0a6c2a6b07c00fe542edcc87</trn:id>
  <trn:num>305</trn:num>
  <trn:date-posted>
    <ts:date>1997-08-04 00:00:00 -0400</ts:date>
  </trn:date-posted>
  <trn:date-entered>
    <ts:date>2001-03-26 15:43:53 -0500</ts:date>
    <ts:ns>451762000</ts:ns>
  </trn:date-entered>
  <trn:description>Community Hospital</trn:description>
  <trn:splits>
    <trn:split>
      <split:id type="guid">f2db08e473f15fc9226056911c1bce3b</split:id>
      <split:reconciled-state>n</split:reconciled-state>
      <split:value>3530/100</split:value>
      <split:quantity>3530/100</split:quantity>
      <split:account type="guid">60845136829c50ec4a09675a08c2da24</split:account>
    </trn:split>
    <trn:split>
      <split:id type="guid">76ec26162e8199cd74114d213dbe0885</split:id>
      <split:reconciled-state>n</split:reconciled-state>
      <split:value>-3530/100</split:value>
      <split:quantity>-3530/100</split:quantity>
      <split:account type="guid">ab52d1a8fbd5883a788d51bd29c77e84</split:account>
    </trn:split>
  </trn:splits>
</gnc:transaction>
<gnc:transaction version="2.0.0">
  <trn:id type="guid">37274e49468f77d6cb5c7a4ac27f7b94</trn:id>
  <trn:date-posted>
    <ts:date>1997-08-10 00:00:00 -0400</ts:date>
  </trn:date-posted>
  <trn:date-entered>
    <ts:date>2001-03-26 15:43:53 -0500</ts:date>
    <ts:ns>465571000</ts:ns>
  </trn:date-entered>
  <trn:description>School</trn:description>
  <trn:splits>
    <trn:split>
      <split:id type="guid">36529a24509ed8ec995f111545f17c86</split:id>
      <split:reconciled-state>n</split:reconciled-state>
      <split:value>-131873/100</split:value>
      <split:quantity>-131873/100</split:quantity>
      <split:account type="guid">4da6e3f697287c126a6827efd63a0b43</split:account>
    </trn:split>
    <trn:split>
      <split:id type="guid">da4bea0fba94cf2f54b4f9b64a3fe040</split:id>
      <split:reconciled-state>n</split:reconciled-state>
      <split:value>131873/100</split:value>
      <split:quantity>131873/100</split:quantity>
      <split:account type="guid">ab52d1a8fbd5883a788d51bd29c77e84</split:account>
    </trn:split>
  </trn:splits>
</gnc:transaction>
<gnc:transaction version="2.0.0">
  <trn:id type="guid">5a5073b643394f9132d92e055f2b9ddf</trn:id>
  <trn:date-posted>
    <ts:date>1997-08-14 00:00:00 -0400</ts:date>
  </trn:date-posted>
  <trn:date-entered>
    <ts:date>2001-03-26 15:43:53 -0500</ts:date>
    <ts:ns>469555000</ts:ns>
  </trn:date-entered>
  <trn:description>College</trn:description>
  <trn:splits>
    <trn:split>
      <split:id type="guid">c0dda888c4bb5febf0a3991524ab0edc</split:id>
      <split:reconciled-state>n</split:reconciled-state>
      <split:value>-4700/100</split:value>
      <split:quantity>-4700/100</split:quantity>
      <split:account type="guid">c1c71598e096d9ab5565f096db36ed59</split:account>
    </trn:split>
    <trn:split>
      <split:id type="guid">8c7d9c30eabb2778841276e4e865e149</split:id>
      <split:reconciled-state>n</split:reconciled-state>
      <split:value>4700/100</split:value>
      <split:quantity>4700/100</split:quantity>
      <split:account type="guid">ab52d1a8fbd5883a788d51bd29c77e84</split:account>
    </trn:split>
  </trn:splits>
</gnc:transaction>
<gnc:transaction version="2.0.0">
  <trn:id type="guid">b6103380b09fa52b8d9ce3dc7022458e</trn:id>
  <trn:num>306</trn:num>
  <trn:date-posted>
    <ts:date>1997-08-14 00:00:00 -0400</ts:date>
  </trn:date-posted>
  <trn:date-entered>
    <ts:date>2001-03-26 15:43:53 -0500</ts:date>
    <ts:ns>473567000</ts:ns>
  </trn:date-entered>
  <trn:description>C</trn:description>
  <trn:splits>
    <trn:split>
      <split:id type="guid">3777e5827f6a6209338e6d9acb874301</split:id>
      <split:reconciled-state>n</split:reconciled-state>
      <split:value>113191/100</split:value>
      <split:quantity>113191/100</split:quantity>
      <split:account type="guid">5fc1c6a2a79889318f644120ac82c8ee</split:account>
    </trn:split>
    <trn:split>
      <split:id type="guid">1bfd96fc1318c77160030d6894c83b84</split:id>
      <split:reconciled-state>n</split:reconciled-state>
      <split:value>-113191/100</split:value>
      <split:quantity>-113191/100</split:quantity>
      <split:account type="guid">ab52d1a8fbd5883a788d51bd29c77e84</split:account>
    </trn:split>
  </trn:splits>
</gnc:transaction>
<gnc:transaction version="2.0.0">
  <trn:id type="guid">98af80106192829119277b2ec70c505f</trn:id>
  <trn:date-posted>
    <ts:date>1997-08-15 00:00:00 -0400</ts:date>
  </trn:date-posted>
  <trn:date-entered>
    <ts:date>2001-03-26 15:43:53 -0500</ts:date>
    <ts:ns>480303000</ts:ns>
  </trn:date-entered>
  <trn:description>Power Co.</trn:description>
  <trn:splits>
    <trn:split>
      <split:id type="guid">69fc6f978b47d605fe40595eca7b40e1</split:id>
      <split:reconciled-state>n</split:reconciled-state>
      <split:value>1776/100</split:value>
      <split:quantity>1776/100</split:quantity>
      <split:account type="guid">9defb6c42135fa2f4036762c8926c8ca</split:account>
    </trn:split>
    <trn:split>
      <split:id type="guid">81f342f62b79fa10938029f8c34fd4a9</split:id>
      <split:reconciled-state>n</split:reconciled-state>
      <split:value>-1776/100</split:value>
      <split:quantity>-1776/100</split:quantity>
      <split:account type="guid">ab52d1a8fbd5883a788d51bd29c77e84</split:account>
    </trn:split>
  </trn:splits>
</gnc:transaction>
<gnc:transaction version="2.0.0">
  <trn:id type="guid">e58d04ea5ab0a405244b3df03bf165a7</trn:id>
  <trn:num>307</trn:num>
  <trn:date-posted>
    <ts:date>1997-08-15 00:00:00 -0400</ts:date>
  </trn:date-posted>
  <trn:date-entered>
    <ts:date>2001-03-26 15:43:53 -0500</ts:date>
    <ts:ns>485219000</ts:ns>
  </trn:date-entered>
  <trn:description>School</trn:description>
  <trn:splits>
    <trn:split>
      <split:id type="guid">83c4b6627646d08575ab5f3de188d581</split:id>
      <split:reconciled-state>n</split:reconciled-state>
      <split:value>58642/100</split:value>
      <split:quantity>58642/100</split:quantity>
      <split:account type="guid">9defb6c42135fa2f4036762c8926c8ca</split:account>
    </trn:split>
    <trn:split>
      <split:id type="guid">7e8ecf29165860fe0a33ae24fc1bb12d</split:id>
      <split:reconciled-state>n</split:reconciled-state>
      <split:value>-58642/100</split:value>
      <split:quantity>-58642/100</split:quantity>
      <split:account type="guid">ab52d1a8fbd5883a788d51bd29c77e84</split:account>
    </trn:split>
  </trn:splits>
</gnc:transaction>
<gnc:transaction version="2.0.0">
  <trn:id type="guid">b583ae684477765c7639c9210e2a9103</trn:id>
  <trn:num>309</trn:num>
  <trn:date-posted>
    <ts:date>1997-08-15 00:00:00 -0400</ts:date>
  </trn:date-posted>
  <trn:date-entered>
    <ts:date>2001-03-26 15:43:53 -0500</ts:date>
    <ts:ns>489474000</ts:ns>
  </trn:date-entered>
  <trn:description>School</trn:description>
  <trn:splits>
    <trn:split>
      <split:id type="guid">e522a5b59f8d0fe04a5bc253c28f2922</split:id>
      <split:reconciled-state>n</split:reconciled-state>
      <split:value>10483/100</split:value>
      <split:quantity>10483/100</split:quantity>
      <split:account type="guid">9defb6c42135fa2f4036762c8926c8ca</split:account>
    </trn:split>
    <trn:split>
      <split:id type="guid">38cea2908bb235848cfb4ff545a58b73</split:id>
      <split:reconciled-state>n</split:reconciled-state>
      <split:value>-10483/100</split:value>
      <split:quantity>-10483/100</split:quantity>
      <split:account type="guid">ab52d1a8fbd5883a788d51bd29c77e84</split:account>
    </trn:split>
  </trn:splits>
</gnc:transaction>
<gnc:transaction version="2.0.0">
  <trn:id type="guid">17b839c0dae6b48d512225312bd085e6</trn:id>
  <trn:num>310</trn:num>
  <trn:date-posted>
    <ts:date>1997-09-03 00:00:00 -0400</ts:date>
  </trn:date-posted>
  <trn:date-entered>
    <ts:date>2001-03-26 15:43:53 -0500</ts:date>
    <ts:ns>493645000</ts:ns>
  </trn:date-entered>
  <trn:description>Robo</trn:description>
  <trn:splits>
    <trn:split>
      <split:id type="guid">e7e8414d043369c18fda4b6ba46aa242</split:id>
      <split:reconciled-state>n</split:reconciled-state>
      <split:value>5728/100</split:value>
      <split:quantity>5728/100</split:quantity>
      <split:account type="guid">8d9a8e4928257f0b0aaee042057d8012</split:account>
    </trn:split>
    <trn:split>
      <split:id type="guid">a954f5435dda86b27740f587125448b4</split:id>
      <split:reconciled-state>n</split:reconciled-state>
      <split:value>-5728/100</split:value>
      <split:quantity>-5728/100</split:quantity>
      <split:account type="guid">ab52d1a8fbd5883a788d51bd29c77e84</split:account>
    </trn:split>
  </trn:splits>
</gnc:transaction>
<gnc:transaction version="2.0.0">
  <trn:id type="guid">ba794353f51709430af700a69e1ec8ac</trn:id>
  <trn:date-posted>
    <ts:date>1997-09-06 00:00:00 -0400</ts:date>
  </trn:date-posted>
  <trn:date-entered>
    <ts:date>2001-03-26 15:43:53 -0500</ts:date>
    <ts:ns>500369000</ts:ns>
  </trn:date-entered>
  <trn:description>Boss2</trn:description>
  <trn:splits>
    <trn:split>
      <split:id type="guid">43f9792616b2e18c1a0ce1a178377ea9</split:id>
      <split:reconciled-state>n</split:reconciled-state>
      <split:value>-242653/100</split:value>
      <split:quantity>-242653/100</split:quantity>
      <split:account type="guid">4da6e3f697287c126a6827efd63a0b43</split:account>
    </trn:split>
    <trn:split>
      <split:id type="guid">ef775b23e44bc0fef2be091b0d6e8db6</split:id>
      <split:reconciled-state>n</split:reconciled-state>
      <split:value>242653/100</split:value>
      <split:quantity>242653/100</split:quantity>
      <split:account type="guid">ab52d1a8fbd5883a788d51bd29c77e84</split:account>
    </trn:split>
  </trn:splits>
</gnc:transaction>
<gnc:transaction version="2.0.0">
  <trn:id type="guid">2e3b3fb5572d1a89117cf7d425e81c12</trn:id>
  <trn:num>311</trn:num>
  <trn:date-posted>
    <ts:date>1997-09-06 00:00:00 -0400</ts:date>
  </trn:date-posted>
  <trn:date-entered>
    <ts:date>2001-03-26 15:43:53 -0500</ts:date>
    <ts:ns>507537000</ts:ns>
  </trn:date-entered>
  <trn:description>Landlord</trn:description>
  <trn:splits>
    <trn:split>
      <split:id type="guid">fe10fe62872341bc0e0bf8cbcd50b188</split:id>
      <split:memo>Deposit + 1st, last months&apos; ren</split:memo>
      <split:reconciled-state>n</split:reconciled-state>
      <split:value>200000/100</split:value>
      <split:quantity>200000/100</split:quantity>
      <split:account type="guid">329b2c5196efdaf54e1321e05b9f0875</split:account>
    </trn:split>
    <trn:split>
      <split:id type="guid">d98f1bc7bc8d4f8cf69944944ec90d0b</split:id>
      <split:memo>Deposit + 1st, last months&apos; ren</split:memo>
      <split:reconciled-state>n</split:reconciled-state>
      <split:value>-200000/100</split:value>
      <split:quantity>-200000/100</split:quantity>
      <split:account type="guid">ab52d1a8fbd5883a788d51bd29c77e84</split:account>
    </trn:split>
  </trn:splits>
</gnc:transaction>
<gnc:transaction version="2.0.0">
  <trn:id type="guid">3c5df0fc4b2353c26b749a562ff45da0</trn:id>
  <trn:num>312</trn:num>
  <trn:date-posted>
    <ts:date>1997-09-08 00:00:00 -0400</ts:date>
  </trn:date-posted>
  <trn:date-entered>
    <ts:date>2001-03-26 15:43:53 -0500</ts:date>
    <ts:ns>512414000</ts:ns>
  </trn:date-entered>
  <trn:description>Travel</trn:description>
  <trn:splits>
    <trn:split>
      <split:id type="guid">b0871ffd76d7a78053cfa8a3e144a78b</split:id>
      <split:memo>airfare</split:memo>
      <split:reconciled-state>n</split:reconciled-state>
      <split:value>38000/100</split:value>
      <split:quantity>38000/100</split:quantity>
      <split:account type="guid">9defb6c42135fa2f4036762c8926c8ca</split:account>
    </trn:split>
    <trn:split>
      <split:id type="guid">3b3c584dca23f23914c35fadd63a8aea</split:id>
      <split:memo>airfare</split:memo>
      <split:reconciled-state>n</split:reconciled-state>
      <split:value>-38000/100</split:value>
      <split:quantity>-38000/100</split:quantity>
      <split:account type="guid">ab52d1a8fbd5883a788d51bd29c77e84</split:account>
    </trn:split>
  </trn:splits>
</gnc:transaction>
<gnc:transaction version="2.0.0">
  <trn:id type="guid">0f11a5061061f6a059832bcbdee6c9f1</trn:id>
  <trn:num>314</trn:num>
  <trn:date-posted>
    <ts:date>1997-09-25 00:00:00 -0400</ts:date>
  </trn:date-posted>
  <trn:date-entered>
    <ts:date>2001-03-26 15:43:53 -0500</ts:date>
    <ts:ns>518612000</ts:ns>
  </trn:date-entered>
  <trn:description>Landlord</trn:description>
  <trn:splits>
    <trn:split>
      <split:id type="guid">f7fbc52fded04834e27efd501c61862b</split:id>
      <split:memo>Oct.</split:memo>
      <split:reconciled-state>n</split:reconciled-state>
      <split:value>36747/100</split:value>
      <split:quantity>36747/100</split:quantity>
      <split:account type="guid">329b2c5196efdaf54e1321e05b9f0875</split:account>
    </trn:split>
    <trn:split>
      <split:id type="guid">e021b4e03cb5906d40e394ca9002eea7</split:id>
      <split:memo>Oct.</split:memo>
      <split:reconciled-state>n</split:reconciled-state>
      <split:value>-36747/100</split:value>
      <split:quantity>-36747/100</split:quantity>
      <split:account type="guid">ab52d1a8fbd5883a788d51bd29c77e84</split:account>
    </trn:split>
  </trn:splits>
</gnc:transaction>
<gnc:transaction version="2.0.0">
  <trn:id type="guid">6041c068d720a761474c534018da0713</trn:id>
  <trn:num>313</trn:num>
  <trn:date-posted>
    <ts:date>1997-09-28 00:00:00 -0400</ts:date>
  </trn:date-posted>
  <trn:date-entered>
    <ts:date>2001-03-26 15:43:53 -0500</ts:date>
    <ts:ns>522918000</ts:ns>
  </trn:date-entered>
  <trn:description>C</trn:description>
  <trn:splits>
    <trn:split>
      <split:id type="guid">a719c38c3700ff6117c374337bdc2c4a</split:id>
      <split:reconciled-state>n</split:reconciled-state>
      <split:value>28648/100</split:value>
      <split:quantity>28648/100</split:quantity>
      <split:account type="guid">5fc1c6a2a79889318f644120ac82c8ee</split:account>
    </trn:split>
    <trn:split>
      <split:id type="guid">cd0020e3d51b6072f17ad6851cf978fb</split:id>
      <split:reconciled-state>n</split:reconciled-state>
      <split:value>-28648/100</split:value>
      <split:quantity>-28648/100</split:quantity>
      <split:account type="guid">ab52d1a8fbd5883a788d51bd29c77e84</split:account>
    </trn:split>
  </trn:splits>
</gnc:transaction>
<gnc:transaction version="2.0.0">
  <trn:id type="guid">f97e362e0dfdc735422be36d7b9d7b80</trn:id>
  <trn:date-posted>
    <ts:date>1997-10-03 00:00:00 -0400</ts:date>
  </trn:date-posted>
  <trn:date-entered>
    <ts:date>2001-03-26 15:43:53 -0500</ts:date>
    <ts:ns>527472000</ts:ns>
  </trn:date-entered>
  <trn:description>Boss2</trn:description>
  <trn:splits>
    <trn:split>
      <split:id type="guid">a21fe67963e462b661eea725790f4358</split:id>
      <split:reconciled-state>n</split:reconciled-state>
      <split:value>-92689/100</split:value>
      <split:quantity>-92689/100</split:quantity>
      <split:account type="guid">4da6e3f697287c126a6827efd63a0b43</split:account>
    </trn:split>
    <trn:split>
      <split:id type="guid">bc46fc199164249dee7b8aaf3abd3815</split:id>
      <split:reconciled-state>n</split:reconciled-state>
      <split:value>92689/100</split:value>
      <split:quantity>92689/100</split:quantity>
      <split:account type="guid">ab52d1a8fbd5883a788d51bd29c77e84</split:account>
    </trn:split>
  </trn:splits>
</gnc:transaction>
<gnc:transaction version="2.0.0">
  <trn:id type="guid">5c64c9ddf9891a5e755dcfca9296d121</trn:id>
  <trn:num>315</trn:num>
  <trn:date-posted>
    <ts:date>1997-10-06 00:00:00 -0400</ts:date>
  </trn:date-posted>
  <trn:date-entered>
    <ts:date>2001-03-26 15:43:53 -0500</ts:date>
    <ts:ns>531555000</ts:ns>
  </trn:date-entered>
  <trn:description>Power Co.</trn:description>
  <trn:splits>
    <trn:split>
      <split:id type="guid">ac217272a15847f7672bc1a63e9dda93</split:id>
      <split:reconciled-state>n</split:reconciled-state>
      <split:value>2247/100</split:value>
      <split:quantity>2247/100</split:quantity>
      <split:account type="guid">92b05cc5070282b02b05e60f161a5882</split:account>
    </trn:split>
    <trn:split>
      <split:id type="guid">8bdbdca3540791a6bbe1798b3200b4cc</split:id>
      <split:reconciled-state>n</split:reconciled-state>
      <split:value>-2247/100</split:value>
      <split:quantity>-2247/100</split:quantity>
      <split:account type="guid">ab52d1a8fbd5883a788d51bd29c77e84</split:account>
    </trn:split>
  </trn:splits>
</gnc:transaction>
<gnc:transaction version="2.0.0">
  <trn:id type="guid">f52ea1261340b682e6451bec65a87e78</trn:id>
  <trn:num>316</trn:num>
  <trn:date-posted>
    <ts:date>1997-10-06 00:00:00 -0400</ts:date>
  </trn:date-posted>
  <trn:date-entered>
    <ts:date>2001-03-26 15:43:53 -0500</ts:date>
    <ts:ns>538809000</ts:ns>
  </trn:date-entered>
  <trn:description>City of </trn:description>
  <trn:splits>
    <trn:split>
      <split:id type="guid">f3e66f46590f21fd1d7bd55bc3376479</split:id>
      <split:memo>Parking</split:memo>
      <split:reconciled-state>n</split:reconciled-state>
      <split:value>2000/100</split:value>
      <split:quantity>2000/100</split:quantity>
      <split:account type="guid">ee3d0e82c9b191091e61d4d1bc8da9f3</split:account>
    </trn:split>
    <trn:split>
      <split:id type="guid">404ae482236ee576a13fc7d2704580f6</split:id>
      <split:memo>Parking</split:memo>
      <split:reconciled-state>n</split:reconciled-state>
      <split:value>-2000/100</split:value>
      <split:quantity>-2000/100</split:quantity>
      <split:account type="guid">ab52d1a8fbd5883a788d51bd29c77e84</split:account>
    </trn:split>
  </trn:splits>
</gnc:transaction>
<gnc:transaction version="2.0.0">
  <trn:id type="guid">1e1be3d06dd61a7c14a2e73af8bd3a6c</trn:id>
  <trn:date-posted>
    <ts:date>1997-10-17 00:00:00 -0400</ts:date>
  </trn:date-posted>
  <trn:date-entered>
    <ts:date>2001-03-26 15:43:53 -0500</ts:date>
    <ts:ns>542802000</ts:ns>
  </trn:date-entered>
  <trn:description>Boss2</trn:description>
  <trn:splits>
    <trn:split>
      <split:id type="guid">509b51caa99fcc7dc819dcc23aa1d484</split:id>
      <split:reconciled-state>n</split:reconciled-state>
      <split:value>-92690/100</split:value>
      <split:quantity>-92690/100</split:quantity>
      <split:account type="guid">4da6e3f697287c126a6827efd63a0b43</split:account>
    </trn:split>
    <trn:split>
      <split:id type="guid">ed4d99af4e28874dce4fb4b122353361</split:id>
      <split:reconciled-state>n</split:reconciled-state>
      <split:value>92690/100</split:value>
      <split:quantity>92690/100</split:quantity>
      <split:account type="guid">ab52d1a8fbd5883a788d51bd29c77e84</split:account>
    </trn:split>
  </trn:splits>
</gnc:transaction>
<gnc:transaction version="2.0.0">
  <trn:id type="guid">02cd8b554862aa8af1d4594b6b01b026</trn:id>
  <trn:num>317</trn:num>
  <trn:date-posted>
    <ts:date>1997-10-17 00:00:00 -0400</ts:date>
  </trn:date-posted>
  <trn:date-entered>
    <ts:date>2001-03-26 15:43:53 -0500</ts:date>
    <ts:ns>548608000</ts:ns>
  </trn:date-entered>
  <trn:description>C</trn:description>
  <trn:splits>
    <trn:split>
      <split:id type="guid">5e880cfa5a71fd8a7b72e14e8a74959e</split:id>
      <split:reconciled-state>n</split:reconciled-state>
      <split:value>122723/100</split:value>
      <split:quantity>122723/100</split:quantity>
      <split:account type="guid">5fc1c6a2a79889318f644120ac82c8ee</split:account>
    </trn:split>
    <trn:split>
      <split:id type="guid">7334a9bd2e1f43683abf4dd3e3fcb5e5</split:id>
      <split:reconciled-state>n</split:reconciled-state>
      <split:value>-122723/100</split:value>
      <split:quantity>-122723/100</split:quantity>
      <split:account type="guid">ab52d1a8fbd5883a788d51bd29c77e84</split:account>
    </trn:split>
  </trn:splits>
</gnc:transaction>
<gnc:transaction version="2.0.0">
  <trn:id type="guid">8dbb15e8d691297e6841ba2d2876e5ac</trn:id>
  <trn:num>318</trn:num>
  <trn:date-posted>
    <ts:date>1997-10-26 00:00:00 -0400</ts:date>
  </trn:date-posted>
  <trn:date-entered>
    <ts:date>2001-03-26 15:43:53 -0500</ts:date>
    <ts:ns>552892000</ts:ns>
  </trn:date-entered>
  <trn:description>Pacific Bell</trn:description>
  <trn:splits>
    <trn:split>
      <split:id type="guid">e520d308634b5dea9492b09a30846358</split:id>
      <split:reconciled-state>n</split:reconciled-state>
      <split:value>7730/100</split:value>
      <split:quantity>7730/100</split:quantity>
      <split:account type="guid">8d9a8e4928257f0b0aaee042057d8012</split:account>
    </trn:split>
    <trn:split>
      <split:id type="guid">00371dbe56093972affedc9cec009c29</split:id>
      <split:reconciled-state>n</split:reconciled-state>
      <split:value>-7730/100</split:value>
      <split:quantity>-7730/100</split:quantity>
      <split:account type="guid">ab52d1a8fbd5883a788d51bd29c77e84</split:account>
    </trn:split>
  </trn:splits>
</gnc:transaction>
<gnc:transaction version="2.0.0">
  <trn:id type="guid">60d4d5e2f751685ed5724d5727f5a91e</trn:id>
  <trn:num>319</trn:num>
  <trn:date-posted>
    <ts:date>1997-10-26 00:00:00 -0400</ts:date>
  </trn:date-posted>
  <trn:date-entered>
    <ts:date>2001-03-26 15:43:53 -0500</ts:date>
    <ts:ns>565974000</ts:ns>
  </trn:date-entered>
  <trn:description>CO</trn:description>
  <trn:splits>
    <trn:split>
      <split:id type="guid">8d77b8ff136a4545ba248e0092ff9062</split:id>
      <split:reconciled-state>n</split:reconciled-state>
      <split:value>11700/100</split:value>
      <split:quantity>11700/100</split:quantity>
      <split:account type="guid">5fc1c6a2a79889318f644120ac82c8ee</split:account>
    </trn:split>
    <trn:split>
      <split:id type="guid">abd01fc5453475dbefbcb6434cc1791a</split:id>
      <split:reconciled-state>n</split:reconciled-state>
      <split:value>-11700/100</split:value>
      <split:quantity>-11700/100</split:quantity>
      <split:account type="guid">ab52d1a8fbd5883a788d51bd29c77e84</split:account>
    </trn:split>
  </trn:splits>
</gnc:transaction>
<gnc:transaction version="2.0.0">
  <trn:id type="guid">9ca3e3f01216b2b94a7799c38fb3a02e</trn:id>
  <trn:num>320</trn:num>
  <trn:date-posted>
    <ts:date>1997-10-26 00:00:00 -0400</ts:date>
  </trn:date-posted>
  <trn:date-entered>
    <ts:date>2001-03-26 15:43:53 -0500</ts:date>
    <ts:ns>570461000</ts:ns>
  </trn:date-entered>
  <trn:description>Insurance Co.</trn:description>
  <trn:splits>
    <trn:split>
      <split:id type="guid">5763774ccefd5fff2719f74e8b26e025</split:id>
      <split:memo>25%</split:memo>
      <split:reconciled-state>n</split:reconciled-state>
      <split:value>7150/100</split:value>
      <split:quantity>7150/100</split:quantity>
      <split:account type="guid">73f01092a778ac5f25d1f95c1f34a6eb</split:account>
    </trn:split>
    <trn:split>
      <split:id type="guid">71052afe4f4cd8910e1c39262f0b278e</split:id>
      <split:memo>25%</split:memo>
      <split:reconciled-state>n</split:reconciled-state>
      <split:value>-7150/100</split:value>
      <split:quantity>-7150/100</split:quantity>
      <split:account type="guid">ab52d1a8fbd5883a788d51bd29c77e84</split:account>
    </trn:split>
  </trn:splits>
</gnc:transaction>
<gnc:transaction version="2.0.0">
  <trn:id type="guid">2c446631de5c84d03c1df0a840516758</trn:id>
  <trn:num>321</trn:num>
  <trn:date-posted>
    <ts:date>1997-10-26 00:00:00 -0400</ts:date>
  </trn:date-posted>
  <trn:date-entered>
    <ts:date>2001-03-26 15:43:53 -0500</ts:date>
    <ts:ns>577093000</ts:ns>
  </trn:date-entered>
  <trn:description>Landlord</trn:description>
  <trn:splits>
    <trn:split>
      <split:id type="guid">5d1c4bc1a11f7130efd76f71096ef4c8</split:id>
      <split:reconciled-state>n</split:reconciled-state>
      <split:value>100000/100</split:value>
      <split:quantity>100000/100</split:quantity>
      <split:account type="guid">329b2c5196efdaf54e1321e05b9f0875</split:account>
    </trn:split>
    <trn:split>
      <split:id type="guid">5e0e808e3d229d9ce9d49cbd3d4e63da</split:id>
      <split:reconciled-state>n</split:reconciled-state>
      <split:value>-100000/100</split:value>
      <split:quantity>-100000/100</split:quantity>
      <split:account type="guid">ab52d1a8fbd5883a788d51bd29c77e84</split:account>
    </trn:split>
  </trn:splits>
</gnc:transaction>
<gnc:transaction version="2.0.0">
  <trn:id type="guid">0b32b6d2a14a76cb172cea6771c081db</trn:id>
  <trn:date-posted>
    <ts:date>1997-10-31 00:00:00 -0500</ts:date>
  </trn:date-posted>
  <trn:date-entered>
    <ts:date>2001-03-26 15:43:53 -0500</ts:date>
    <ts:ns>581233000</ts:ns>
  </trn:date-entered>
  <trn:description>Boss2</trn:description>
  <trn:splits>
    <trn:split>
      <split:id type="guid">a3cf2af5940cca7a7c23dce67d67133e</split:id>
      <split:reconciled-state>n</split:reconciled-state>
      <split:value>-92690/100</split:value>
      <split:quantity>-92690/100</split:quantity>
      <split:account type="guid">4da6e3f697287c126a6827efd63a0b43</split:account>
    </trn:split>
    <trn:split>
      <split:id type="guid">f12ae1807326c9256821c185cdb812ef</split:id>
      <split:reconciled-state>n</split:reconciled-state>
      <split:value>92690/100</split:value>
      <split:quantity>92690/100</split:quantity>
      <split:account type="guid">ab52d1a8fbd5883a788d51bd29c77e84</split:account>
    </trn:split>
  </trn:splits>
</gnc:transaction>
<gnc:transaction version="2.0.0">
  <trn:id type="guid">228d18949e04c7d8820e022b60afd638</trn:id>
  <trn:num>322</trn:num>
  <trn:date-posted>
    <ts:date>1997-11-01 00:00:00 -0500</ts:date>
  </trn:date-posted>
  <trn:date-entered>
    <ts:date>2001-03-26 15:43:53 -0500</ts:date>
    <ts:ns>586006000</ts:ns>
  </trn:date-entered>
  <trn:description>AUC</trn:description>
  <trn:splits>
    <trn:split>
      <split:id type="guid">76eba388cfd642295c56834898acde6f</split:id>
      <split:reconciled-state>n</split:reconciled-state>
      <split:value>159/100</split:value>
      <split:quantity>159/100</split:quantity>
      <split:account type="guid">5fc1c6a2a79889318f644120ac82c8ee</split:account>
    </trn:split>
    <trn:split>
      <split:id type="guid">2dcb882d3d6013b5a084d457052794eb</split:id>
      <split:reconciled-state>n</split:reconciled-state>
      <split:value>-159/100</split:value>
      <split:quantity>-159/100</split:quantity>
      <split:account type="guid">ab52d1a8fbd5883a788d51bd29c77e84</split:account>
    </trn:split>
  </trn:splits>
</gnc:transaction>
<gnc:transaction version="2.0.0">
  <trn:id type="guid">bcc55c52b9a3c36558b6c1ec8427c373</trn:id>
  <trn:num>323</trn:num>
  <trn:date-posted>
    <ts:date>1997-11-01 00:00:00 -0500</ts:date>
  </trn:date-posted>
  <trn:date-entered>
    <ts:date>2001-03-26 15:43:53 -0500</ts:date>
    <ts:ns>590257000</ts:ns>
  </trn:date-entered>
  <trn:description>Power Co.</trn:description>
  <trn:splits>
    <trn:split>
      <split:id type="guid">89cec80f045ca971ca32da47398cf991</split:id>
      <split:reconciled-state>n</split:reconciled-state>
      <split:value>4524/100</split:value>
      <split:quantity>4524/100</split:quantity>
      <split:account type="guid">92b05cc5070282b02b05e60f161a5882</split:account>
    </trn:split>
    <trn:split>
      <split:id type="guid">f4a77f39d221ce4f3d76341bce66ab21</split:id>
      <split:reconciled-state>n</split:reconciled-state>
      <split:value>-4524/100</split:value>
      <split:quantity>-4524/100</split:quantity>
      <split:account type="guid">ab52d1a8fbd5883a788d51bd29c77e84</split:account>
    </trn:split>
  </trn:splits>
</gnc:transaction>
<gnc:transaction version="2.0.0">
  <trn:id type="guid">2e2566816e30bf361b4a3cb151234882</trn:id>
  <trn:num>324</trn:num>
  <trn:date-posted>
    <ts:date>1997-11-05 00:00:00 -0500</ts:date>
  </trn:date-posted>
  <trn:date-entered>
    <ts:date>2001-03-26 15:43:53 -0500</ts:date>
    <ts:ns>597900000</ts:ns>
  </trn:date-entered>
  <trn:description>Robo</trn:description>
  <trn:splits>
    <trn:split>
      <split:id type="guid">4c5ce317a7640bd664a4af7d96e5e29a</split:id>
      <split:reconciled-state>n</split:reconciled-state>
      <split:value>9023/100</split:value>
      <split:quantity>9023/100</split:quantity>
      <split:account type="guid">8d9a8e4928257f0b0aaee042057d8012</split:account>
    </trn:split>
    <trn:split>
      <split:id type="guid">a93bb03a28013bc647f6125aad181005</split:id>
      <split:reconciled-state>n</split:reconciled-state>
      <split:value>-9023/100</split:value>
      <split:quantity>-9023/100</split:quantity>
      <split:account type="guid">ab52d1a8fbd5883a788d51bd29c77e84</split:account>
    </trn:split>
  </trn:splits>
</gnc:transaction>
<gnc:transaction version="2.0.0">
  <trn:id type="guid">f49d9f78393641206738d2009a602dd7</trn:id>
  <trn:date-posted>
    <ts:date>1997-11-14 00:00:00 -0500</ts:date>
  </trn:date-posted>
  <trn:date-entered>
    <ts:date>2001-03-26 15:43:53 -0500</ts:date>
    <ts:ns>602860000</ts:ns>
  </trn:date-entered>
  <trn:description>Boss2</trn:description>
  <trn:splits>
    <trn:split>
      <split:id type="guid">17244e00aa18082766409004e8cc13b2</split:id>
      <split:reconciled-state>n</split:reconciled-state>
      <split:value>-92690/100</split:value>
      <split:quantity>-92690/100</split:quantity>
      <split:account type="guid">4da6e3f697287c126a6827efd63a0b43</split:account>
    </trn:split>
    <trn:split>
      <split:id type="guid">51d932e9c4bfaf4b17662c6efedfed24</split:id>
      <split:reconciled-state>n</split:reconciled-state>
      <split:value>92690/100</split:value>
      <split:quantity>92690/100</split:quantity>
      <split:account type="guid">ab52d1a8fbd5883a788d51bd29c77e84</split:account>
    </trn:split>
  </trn:splits>
</gnc:transaction>
<gnc:transaction version="2.0.0">
  <trn:id type="guid">f28b7923a79d20db9c983c8cb5777c63</trn:id>
  <trn:num>326</trn:num>
  <trn:date-posted>
    <ts:date>1997-11-14 00:00:00 -0500</ts:date>
  </trn:date-posted>
  <trn:date-entered>
    <ts:date>2001-03-26 15:43:53 -0500</ts:date>
    <ts:ns>608886000</ts:ns>
  </trn:date-entered>
  <trn:description>C</trn:description>
  <trn:splits>
    <trn:split>
      <split:id type="guid">27191c314877b98b85093b501e1f29c6</split:id>
      <split:reconciled-state>n</split:reconciled-state>
      <split:value>170733/100</split:value>
      <split:quantity>170733/100</split:quantity>
      <split:account type="guid">5fc1c6a2a79889318f644120ac82c8ee</split:account>
    </trn:split>
    <trn:split>
      <split:id type="guid">3e1ed49cb0f18791c7ce77ecfb95ce53</split:id>
      <split:reconciled-state>n</split:reconciled-state>
      <split:value>-170733/100</split:value>
      <split:quantity>-170733/100</split:quantity>
      <split:account type="guid">ab52d1a8fbd5883a788d51bd29c77e84</split:account>
    </trn:split>
  </trn:splits>
</gnc:transaction>
<gnc:transaction version="2.0.0">
  <trn:id type="guid">69dfd956e9799ef1ffceb28152b58d6b</trn:id>
  <trn:num>327</trn:num>
  <trn:date-posted>
    <ts:date>1997-11-14 00:00:00 -0500</ts:date>
  </trn:date-posted>
  <trn:date-entered>
    <ts:date>2001-03-26 15:43:53 -0500</ts:date>
    <ts:ns>613282000</ts:ns>
  </trn:date-entered>
  <trn:description>APSR</trn:description>
  <trn:splits>
    <trn:split>
      <split:id type="guid">874717c1496ffa8f1cf160991eb13531</split:id>
      <split:reconciled-state>n</split:reconciled-state>
      <split:value>5000/100</split:value>
      <split:quantity>5000/100</split:quantity>
      <split:account type="guid">9defb6c42135fa2f4036762c8926c8ca</split:account>
    </trn:split>
    <trn:split>
      <split:id type="guid">6cbc1e994b4b860f1dda727fc3b4a3db</split:id>
      <split:reconciled-state>n</split:reconciled-state>
      <split:value>-5000/100</split:value>
      <split:quantity>-5000/100</split:quantity>
      <split:account type="guid">ab52d1a8fbd5883a788d51bd29c77e84</split:account>
    </trn:split>
  </trn:splits>
</gnc:transaction>
<gnc:transaction version="2.0.0">
  <trn:id type="guid">d30aba4cfda217f78d90e800fb9c158f</trn:id>
  <trn:num>325</trn:num>
  <trn:date-posted>
    <ts:date>1997-11-25 00:00:00 -0500</ts:date>
  </trn:date-posted>
  <trn:date-entered>
    <ts:date>2001-03-26 15:43:53 -0500</ts:date>
    <ts:ns>619988000</ts:ns>
  </trn:date-entered>
  <trn:description>CO</trn:description>
  <trn:splits>
    <trn:split>
      <split:id type="guid">85f3a0aede095cf737a8ae417d46485d</split:id>
      <split:reconciled-state>n</split:reconciled-state>
      <split:value>11600/100</split:value>
      <split:quantity>11600/100</split:quantity>
      <split:account type="guid">5fc1c6a2a79889318f644120ac82c8ee</split:account>
    </trn:split>
    <trn:split>
      <split:id type="guid">3dc64482623c97ead17257baa9a38d6d</split:id>
      <split:reconciled-state>n</split:reconciled-state>
      <split:value>-11600/100</split:value>
      <split:quantity>-11600/100</split:quantity>
      <split:account type="guid">ab52d1a8fbd5883a788d51bd29c77e84</split:account>
    </trn:split>
  </trn:splits>
</gnc:transaction>
<gnc:transaction version="2.0.0">
  <trn:id type="guid">573e1fa279f8cd5b922103290dc8f00b</trn:id>
  <trn:num>328</trn:num>
  <trn:date-posted>
    <ts:date>1997-11-25 00:00:00 -0500</ts:date>
  </trn:date-posted>
  <trn:date-entered>
    <ts:date>2001-03-26 15:43:53 -0500</ts:date>
    <ts:ns>629870000</ts:ns>
  </trn:date-entered>
  <trn:description>Pacific Bell</trn:description>
  <trn:splits>
    <trn:split>
      <split:id type="guid">ae3f61d441584e38b2de42b4e5191551</split:id>
      <split:reconciled-state>n</split:reconciled-state>
      <split:value>22798/100</split:value>
      <split:quantity>22798/100</split:quantity>
      <split:account type="guid">8d9a8e4928257f0b0aaee042057d8012</split:account>
    </trn:split>
    <trn:split>
      <split:id type="guid">9d30ac4e1a12b31eb67af07c583f2c3f</split:id>
      <split:reconciled-state>n</split:reconciled-state>
      <split:value>-22798/100</split:value>
      <split:quantity>-22798/100</split:quantity>
      <split:account type="guid">ab52d1a8fbd5883a788d51bd29c77e84</split:account>
    </trn:split>
  </trn:splits>
</gnc:transaction>
<gnc:transaction version="2.0.0">
  <trn:id type="guid">fa7ee38cc9df47a4140fd81164198149</trn:id>
  <trn:num>329</trn:num>
  <trn:date-posted>
    <ts:date>1997-11-25 00:00:00 -0500</ts:date>
  </trn:date-posted>
  <trn:date-entered>
    <ts:date>2001-03-26 15:43:53 -0500</ts:date>
    <ts:ns>636357000</ts:ns>
  </trn:date-entered>
  <trn:description>Landlord</trn:description>
  <trn:splits>
    <trn:split>
      <split:id type="guid">5d718e1b3a3d3a3edb45b7dbcdb0a31d</split:id>
      <split:memo>Dec.</split:memo>
      <split:reconciled-state>n</split:reconciled-state>
      <split:value>71612/100</split:value>
      <split:quantity>71612/100</split:quantity>
      <split:account type="guid">329b2c5196efdaf54e1321e05b9f0875</split:account>
    </trn:split>
    <trn:split>
      <split:id type="guid">fa28aae14d88434c73bca0b747f4457f</split:id>
      <split:memo>Dec.</split:memo>
      <split:reconciled-state>n</split:reconciled-state>
      <split:value>-71612/100</split:value>
      <split:quantity>-71612/100</split:quantity>
      <split:account type="guid">ab52d1a8fbd5883a788d51bd29c77e84</split:account>
    </trn:split>
  </trn:splits>
</gnc:transaction>
<gnc:transaction version="2.0.0">
  <trn:id type="guid">6872d489f35eeadc610500711cee3fe8</trn:id>
  <trn:date-posted>
    <ts:date>1997-11-26 00:00:00 -0500</ts:date>
  </trn:date-posted>
  <trn:date-entered>
    <ts:date>2001-03-26 15:43:53 -0500</ts:date>
    <ts:ns>640787000</ts:ns>
  </trn:date-entered>
  <trn:description>Boss2</trn:description>
  <trn:splits>
    <trn:split>
      <split:id type="guid">1b853eb5535448f95164026e0bdd5df8</split:id>
      <split:reconciled-state>n</split:reconciled-state>
      <split:value>-92689/100</split:value>
      <split:quantity>-92689/100</split:quantity>
      <split:account type="guid">4da6e3f697287c126a6827efd63a0b43</split:account>
    </trn:split>
    <trn:split>
      <split:id type="guid">6bf8ab13a9d56a262bbbe0d522bd756e</split:id>
      <split:reconciled-state>n</split:reconciled-state>
      <split:value>92689/100</split:value>
      <split:quantity>92689/100</split:quantity>
      <split:account type="guid">ab52d1a8fbd5883a788d51bd29c77e84</split:account>
    </trn:split>
  </trn:splits>
</gnc:transaction>
<gnc:transaction version="2.0.0">
  <trn:id type="guid">bbb8f3eaf2cf94336ceb081c70723eba</trn:id>
  <trn:num>330</trn:num>
  <trn:date-posted>
    <ts:date>1997-11-26 00:00:00 -0500</ts:date>
  </trn:date-posted>
  <trn:date-entered>
    <ts:date>2001-03-26 15:43:53 -0500</ts:date>
    <ts:ns>645435000</ts:ns>
  </trn:date-entered>
  <trn:description>Travel</trn:description>
  <trn:splits>
    <trn:split>
      <split:id type="guid">c7a56ac15188ac28a9ec791902316365</split:id>
      <split:reconciled-state>n</split:reconciled-state>
      <split:value>20200/100</split:value>
      <split:quantity>20200/100</split:quantity>
      <split:account type="guid">9defb6c42135fa2f4036762c8926c8ca</split:account>
    </trn:split>
    <trn:split>
      <split:id type="guid">6540770c085f0187308121c78ea8a300</split:id>
      <split:reconciled-state>n</split:reconciled-state>
      <split:value>-20200/100</split:value>
      <split:quantity>-20200/100</split:quantity>
      <split:account type="guid">ab52d1a8fbd5883a788d51bd29c77e84</split:account>
    </trn:split>
  </trn:splits>
</gnc:transaction>
<gnc:transaction version="2.0.0">
  <trn:id type="guid">b9ac8690528e41fbb7576df639a9a86e</trn:id>
  <trn:date-posted>
    <ts:date>1997-11-27 00:00:00 -0500</ts:date>
  </trn:date-posted>
  <trn:date-entered>
    <ts:date>2001-03-26 15:43:53 -0500</ts:date>
    <ts:ns>649666000</ts:ns>
  </trn:date-entered>
  <trn:description>C</trn:description>
  <trn:splits>
    <trn:split>
      <split:id type="guid">90cd445c80e9ba7357dac5dc2051025b</split:id>
      <split:reconciled-state>n</split:reconciled-state>
      <split:value>-11205/100</split:value>
      <split:quantity>-11205/100</split:quantity>
      <split:account type="guid">fd1d2d2d58ceefc149f572a1e6936cec</split:account>
    </trn:split>
    <trn:split>
      <split:id type="guid">38d1297fddff33666e00dadae504c0fa</split:id>
      <split:reconciled-state>n</split:reconciled-state>
      <split:value>11205/100</split:value>
      <split:quantity>11205/100</split:quantity>
      <split:account type="guid">ab52d1a8fbd5883a788d51bd29c77e84</split:account>
    </trn:split>
  </trn:splits>
</gnc:transaction>
<gnc:transaction version="2.0.0">
  <trn:id type="guid">841ded9d33426c92ffc9feb57fab49f4</trn:id>
  <trn:date-posted>
    <ts:date>1997-11-27 00:00:00 -0500</ts:date>
  </trn:date-posted>
  <trn:date-entered>
    <ts:date>2001-03-26 15:43:53 -0500</ts:date>
    <ts:ns>653723000</ts:ns>
  </trn:date-entered>
  <trn:description>Insurance</trn:description>
  <trn:splits>
    <trn:split>
      <split:id type="guid">734505c5ef26be30613f0994f0db187c</split:id>
      <split:reconciled-state>n</split:reconciled-state>
      <split:value>-8940/100</split:value>
      <split:quantity>-8940/100</split:quantity>
      <split:account type="guid">c1c71598e096d9ab5565f096db36ed59</split:account>
    </trn:split>
    <trn:split>
      <split:id type="guid">a766404f0ba54d9f2a38fa0461856f4a</split:id>
      <split:reconciled-state>n</split:reconciled-state>
      <split:value>8940/100</split:value>
      <split:quantity>8940/100</split:quantity>
      <split:account type="guid">ab52d1a8fbd5883a788d51bd29c77e84</split:account>
    </trn:split>
  </trn:splits>
</gnc:transaction>
<gnc:transaction version="2.0.0">
  <trn:id type="guid">75b0b4d236d5ed90421f81362f729f40</trn:id>
  <trn:date-posted>
    <ts:date>1997-12-11 00:00:00 -0500</ts:date>
  </trn:date-posted>
  <trn:date-entered>
    <ts:date>2001-03-26 15:43:53 -0500</ts:date>
    <ts:ns>668608000</ts:ns>
  </trn:date-entered>
  <trn:description>Power Co.</trn:description>
  <trn:splits>
    <trn:split>
      <split:id type="guid">2cbe654e960839d11f7aef72ecf58024</split:id>
      <split:reconciled-state>n</split:reconciled-state>
      <split:value>3647/100</split:value>
      <split:quantity>3647/100</split:quantity>
      <split:account type="guid">92b05cc5070282b02b05e60f161a5882</split:account>
    </trn:split>
    <trn:split>
      <split:id type="guid">b9c1d5913ee35de931a0e6b1bc930747</split:id>
      <split:reconciled-state>n</split:reconciled-state>
      <split:value>-3647/100</split:value>
      <split:quantity>-3647/100</split:quantity>
      <split:account type="guid">ab52d1a8fbd5883a788d51bd29c77e84</split:account>
    </trn:split>
  </trn:splits>
</gnc:transaction>
<gnc:transaction version="2.0.0">
  <trn:id type="guid">d8dcacdbae5ceda6e986716a8127e946</trn:id>
  <trn:num>331</trn:num>
  <trn:date-posted>
    <ts:date>1997-12-11 00:00:00 -0500</ts:date>
  </trn:date-posted>
  <trn:date-entered>
    <ts:date>2001-03-26 15:43:53 -0500</ts:date>
    <ts:ns>679027000</ts:ns>
  </trn:date-entered>
  <trn:description>Robo</trn:description>
  <trn:splits>
    <trn:split>
      <split:id type="guid">de580c914d042b14ad9086ada2eaf05f</split:id>
      <split:reconciled-state>n</split:reconciled-state>
      <split:value>30476/100</split:value>
      <split:quantity>30476/100</split:quantity>
      <split:account type="guid">8d9a8e4928257f0b0aaee042057d8012</split:account>
    </trn:split>
    <trn:split>
      <split:id type="guid">3e63f35f3cac812b94781a890385f80d</split:id>
      <split:reconciled-state>n</split:reconciled-state>
      <split:value>-30476/100</split:value>
      <split:quantity>-30476/100</split:quantity>
      <split:account type="guid">ab52d1a8fbd5883a788d51bd29c77e84</split:account>
    </trn:split>
  </trn:splits>
</gnc:transaction>
<gnc:transaction version="2.0.0">
  <trn:id type="guid">dd0036886d2de3f89b0a1c5105f15b88</trn:id>
  <trn:date-posted>
    <ts:date>1997-12-12 00:00:00 -0500</ts:date>
  </trn:date-posted>
  <trn:date-entered>
    <ts:date>2001-03-26 15:43:53 -0500</ts:date>
    <ts:ns>683306000</ts:ns>
  </trn:date-entered>
  <trn:description>Boss2</trn:description>
  <trn:splits>
    <trn:split>
      <split:id type="guid">8c768f341ac8a19bfd74e68348a509c8</split:id>
      <split:reconciled-state>n</split:reconciled-state>
      <split:value>-92690/100</split:value>
      <split:quantity>-92690/100</split:quantity>
      <split:account type="guid">4da6e3f697287c126a6827efd63a0b43</split:account>
    </trn:split>
    <trn:split>
      <split:id type="guid">64b19552beeb1d512a26abd53574702f</split:id>
      <split:reconciled-state>n</split:reconciled-state>
      <split:value>92690/100</split:value>
      <split:quantity>92690/100</split:quantity>
      <split:account type="guid">ab52d1a8fbd5883a788d51bd29c77e84</split:account>
    </trn:split>
  </trn:splits>
</gnc:transaction>
</gnc-v2>

<!-- Local variables: -->
<!-- mode: xml        -->
<!-- End:             -->
