<?xml version="1.0" encoding="utf-8"?>
<gnc-v2
     xmlns:gnc="http://www.gnucash.org/XML/gnc"
     xmlns:act="http://www.gnucash.org/XML/act"
     xmlns:book="http://www.gnucash.org/XML/book"
     xmlns:cd="http://www.gnucash.org/XML/cd"
     xmlns:cmdty="http://www.gnucash.org/XML/cmdty"
     xmlns:price="http://www.gnucash.org/XML/price"
     xmlns:slot="http://www.gnucash.org/XML/slot"
     xmlns:split="http://www.gnucash.org/XML/split"
     xmlns:sx="http://www.gnucash.org/XML/sx"
     xmlns:trn="http://www.gnucash.org/XML/trn"
     xmlns:ts="http://www.gnucash.org/XML/ts"
     xmlns:cust="http://www.gnucash.org/XML/cust"
     xmlns:job="http://www.gnucash.org/XML/job"
     xmlns:addr="http://www.gnucash.org/XML/addr"
     xmlns:owner="http://www.gnucash.org/XML/owner"
     xmlns:taxtable="http://www.gnucash.org/XML/taxtable"
     xmlns:tte="http://www.gnucash.org/XML/tte"
     xmlns:employee="http://www.gnucash.org/XML/employee"
     xmlns:order="http://www.gnucash.org/XML/order"
     xmlns:billterm="http://www.gnucash.org/XML/billterm"
     xmlns:bt-days="http://www.gnucash.org/XML/bt-days"
     xmlns:bt-prox="http://www.gnucash.org/XML/bt-prox"
     xmlns:invoice="http://www.gnucash.org/XML/invoice"
     xmlns:entry="http://www.gnucash.org/XML/entry"
     xmlns:vendor="http://www.gnucash.org/XML/vendor">
<gnc:count-data cd:type="account">4</gnc:count-data>
<gnc:count-data cd:type="transaction">7</gnc:count-data>
<gnc:account version="2.0.0">
  <act:name>Swipe Brokers</act:name>
  <act:id type="guid">8a2778a7eef9bc606de8a12b489f737c</act:id>
  <act:type>BANK</act:type>
  <act:commodity>
    <cmdty:space>ISO4217</cmdty:space>
    <cmdty:id>EUR</cmdty:id>
  </act:commodity>
  <act:commodity-scu>100</act:commodity-scu>
  <act:description>My Investment Account</act:description>
</gnc:account>
<gnc:account version="2.0.0">
  <act:name>abc</act:name>
  <act:id type="guid">8c054c66321f7be82287dbb0c6b7b8a2</act:id>
  <act:type>BANK</act:type>
  <act:commodity>
    <cmdty:space>ISO4217</cmdty:space>
    <cmdty:id>EUR</cmdty:id>
  </act:commodity>
  <act:commodity-scu>100</act:commodity-scu>
</gnc:account>
<gnc:account version="2.0.0">
  <act:name>Gift Received</act:name>
  <act:id type="guid">07212c5f31968d8d55144f1fd5651d8c</act:id>
  <act:type>INCOME</act:type>
  <act:commodity>
    <cmdty:space>ISO4217</cmdty:space>
    <cmdty:id>EUR</cmdty:id>
  </act:commodity>
  <act:commodity-scu>100</act:commodity-scu>
  <act:description>Gift Received</act:description>
</gnc:account>
<gnc:account version="2.0.0">
  <act:name>Other Inc</act:name>
  <act:id type="guid">a2d8b63955baad46ddca87bbd96d399f</act:id>
  <act:type>INCOME</act:type>
  <act:commodity>
    <cmdty:space>ISO4217</cmdty:space>
    <cmdty:id>EUR</cmdty:id>
  </act:commodity>
  <act:commodity-scu>100</act:commodity-scu>
  <act:description>Other Income</act:description>
</gnc:account>
<gnc:transaction version="2.0.0">
  <trn:id type="guid">f5f0146e8a242f5869cfa143e9c3ad82</trn:id>
  <trn:num>TXFR</trn:num>
  <trn:date-posted>
    <ts:date>1997-09-12 00:00:00 -0400</ts:date>
  </trn:date-posted>
  <trn:date-entered>
    <ts:date>2001-03-26 15:35:15 -0500</ts:date>
    <ts:ns>421794000</ts:ns>
  </trn:date-entered>
  <trn:description>move a pile of money to trading acct</trn:description>
  <trn:splits>
    <trn:split>
      <split:id type="guid">3a460828038c8dfb7840c9c869372ad3</split:id>
      <split:memo>another memo</split:memo>
      <split:reconciled-state>n</split:reconciled-state>
      <split:value>500000/100</split:value>
      <split:quantity>500000/100</split:quantity>
      <split:account type="guid">8a2778a7eef9bc606de8a12b489f737c</split:account>
    </trn:split>
    <trn:split>
      <split:id type="guid">e9924d2b6802002852cec90774e41f0f</split:id>
      <split:memo>another memo</split:memo>
      <split:reconciled-state>n</split:reconciled-state>
      <split:value>-500000/100</split:value>
      <split:quantity>-500000/100</split:quantity>
      <split:account type="guid">8c054c66321f7be82287dbb0c6b7b8a2</split:account>
    </trn:split>
  </trn:splits>
</gnc:transaction>
<gnc:transaction version="2.0.0">
  <trn:id type="guid">25b6474f1d5f2cf787d52af107f41f91</trn:id>
  <trn:num>TXFR</trn:num>
  <trn:date-posted>
    <ts:date>1997-11-11 00:00:00 -0500</ts:date>
  </trn:date-posted>
  <trn:date-entered>
    <ts:date>2001-03-26 15:35:15 -0500</ts:date>
    <ts:ns>422791000</ts:ns>
  </trn:date-entered>
  <trn:description>hal stock</trn:description>
  <trn:splits>
    <trn:split>
      <split:id type="guid">f6de5ff6932e0652b54160a945345378</split:id>
      <split:memo>income</split:memo>
      <split:reconciled-state>n</split:reconciled-state>
      <split:value>-1200/100</split:value>
      <split:quantity>-1200/100</split:quantity>
      <split:account type="guid">8a2778a7eef9bc606de8a12b489f737c</split:account>
    </trn:split>
    <trn:split>
      <split:id type="guid">a599cd75681fa150211fc28f46da50a4</split:id>
      <split:memo>income</split:memo>
      <split:reconciled-state>n</split:reconciled-state>
      <split:value>1200/100</split:value>
      <split:quantity>1200/100</split:quantity>
      <split:account type="guid">8c054c66321f7be82287dbb0c6b7b8a2</split:account>
    </trn:split>
  </trn:splits>
</gnc:transaction>
<gnc:transaction version="2.0.0">
  <trn:id type="guid">b15e27a638b77c04eb23aea715845627</trn:id>
  <trn:num>TXFR</trn:num>
  <trn:date-posted>
    <ts:date>1997-11-11 00:00:00 -0500</ts:date>
  </trn:date-posted>
  <trn:date-entered>
    <ts:date>2001-03-26 15:35:15 -0500</ts:date>
    <ts:ns>423736000</ts:ns>
  </trn:date-entered>
  <trn:description>hal stock</trn:description>
  <trn:splits>
    <trn:split>
      <split:id type="guid">e944efe51adf6a037d2a05e975de0b9e</split:id>
      <split:memo>income</split:memo>
      <split:reconciled-state>n</split:reconciled-state>
      <split:value>-1100/100</split:value>
      <split:quantity>-1100/100</split:quantity>
      <split:account type="guid">8a2778a7eef9bc606de8a12b489f737c</split:account>
    </trn:split>
    <trn:split>
      <split:id type="guid">39b2adbce47a9a878c72dc802b8eb19d</split:id>
      <split:memo>income</split:memo>
      <split:reconciled-state>n</split:reconciled-state>
      <split:value>1100/100</split:value>
      <split:quantity>1100/100</split:quantity>
      <split:account type="guid">8c054c66321f7be82287dbb0c6b7b8a2</split:account>
    </trn:split>
  </trn:splits>
</gnc:transaction>
<gnc:transaction version="2.0.0">
  <trn:id type="guid">eede2259804df7746d1a5508f994f3cb</trn:id>
  <trn:num>TXFR</trn:num>
  <trn:date-posted>
    <ts:date>1997-11-12 00:00:00 -0500</ts:date>
  </trn:date-posted>
  <trn:date-entered>
    <ts:date>2001-03-26 15:35:15 -0500</ts:date>
    <ts:ns>424738000</ts:ns>
  </trn:date-entered>
  <trn:description>hal stock</trn:description>
  <trn:splits>
    <trn:split>
      <split:id type="guid">6f795a04a0822e46488b82f49745db78</split:id>
      <split:memo>sold some stock!</split:memo>
      <split:reconciled-state>n</split:reconciled-state>
      <split:value>-50000/100</split:value>
      <split:quantity>-50000/100</split:quantity>
      <split:account type="guid">8a2778a7eef9bc606de8a12b489f737c</split:account>
    </trn:split>
    <trn:split>
      <split:id type="guid">325b94fb8e080a5a08b025a9cae2fd2a</split:id>
      <split:memo>sold some stock!</split:memo>
      <split:reconciled-state>n</split:reconciled-state>
      <split:value>50000/100</split:value>
      <split:quantity>50000/100</split:quantity>
      <split:account type="guid">8c054c66321f7be82287dbb0c6b7b8a2</split:account>
    </trn:split>
  </trn:splits>
</gnc:transaction>
<gnc:transaction version="2.0.0">
  <trn:id type="guid">2830957d31809c4c450db2c5d5d134a2</trn:id>
  <trn:num>DEP</trn:num>
  <trn:date-posted>
    <ts:date>1997-06-17 00:00:00 -0400</ts:date>
  </trn:date-posted>
  <trn:date-entered>
    <ts:date>2001-03-26 15:35:15 -0500</ts:date>
    <ts:ns>418417000</ts:ns>
  </trn:date-entered>
  <trn:description>from my pillow case</trn:description>
  <trn:splits>
    <trn:split>
      <split:id type="guid">f5e209e5d118c1edeca8dc3d82dbd1aa</split:id>
      <split:memo>my memo</split:memo>
      <split:reconciled-state>n</split:reconciled-state>
      <split:value>-234500/100</split:value>
      <split:quantity>-234500/100</split:quantity>
      <split:account type="guid">a2d8b63955baad46ddca87bbd96d399f</split:account>
    </trn:split>
    <trn:split>
      <split:id type="guid">df70142a754e943592bec193b9a208ee</split:id>
      <split:memo>my memo</split:memo>
      <split:reconciled-state>n</split:reconciled-state>
      <split:value>234500/100</split:value>
      <split:quantity>234500/100</split:quantity>
      <split:account type="guid">8c054c66321f7be82287dbb0c6b7b8a2</split:account>
    </trn:split>
  </trn:splits>
</gnc:transaction>
<gnc:transaction version="2.0.0">
  <trn:id type="guid">8a6f53be74b84e3557abdba90b8c325b</trn:id>
  <trn:num>101</trn:num>
  <trn:date-posted>
    <ts:date>1997-08-01 00:00:00 -0400</ts:date>
  </trn:date-posted>
  <trn:date-entered>
    <ts:date>2001-03-26 15:35:15 -0500</ts:date>
    <ts:ns>420785000</ts:ns>
  </trn:date-entered>
  <trn:description>paycheck</trn:description>
  <trn:splits>
    <trn:split>
      <split:id type="guid">e6c7440d846774962fd62c68a89145cb</split:id>
      <split:memo>the boss paid me today!</split:memo>
      <split:reconciled-state>n</split:reconciled-state>
      <split:value>-54300/100</split:value>
      <split:quantity>-54300/100</split:quantity>
      <split:account type="guid">07212c5f31968d8d55144f1fd5651d8c</split:account>
    </trn:split>
    <trn:split>
      <split:id type="guid">91e6498ede7e1c5964c677e8cf14d2c1</split:id>
      <split:memo>the boss paid me today!</split:memo>
      <split:reconciled-state>n</split:reconciled-state>
      <split:value>54300/100</split:value>
      <split:quantity>54300/100</split:quantity>
      <split:account type="guid">8c054c66321f7be82287dbb0c6b7b8a2</split:account>
    </trn:split>
  </trn:splits>
</gnc:transaction>
<gnc:transaction version="2.0.0">
  <trn:id type="guid">976137eadff7b9c19fa0bf4527385781</trn:id>
  <trn:num>DEP</trn:num>
  <trn:date-posted>
    <ts:date>1997-08-01 00:00:00 -0400</ts:date>
  </trn:date-posted>
  <trn:date-entered>
    <ts:date>2001-03-26 15:35:15 -0500</ts:date>
    <ts:ns>419571000</ts:ns>
  </trn:date-entered>
  <trn:description>put in more money</trn:description>
  <trn:splits>
    <trn:split>
      <split:id type="guid">eb7df1a49af1a9bbeac7484003dec5e1</split:id>
      <split:memo>this came out of my pillowcas</split:memo>
      <split:reconciled-state>n</split:reconciled-state>
      <split:value>-330000/100</split:value>
      <split:quantity>-330000/100</split:quantity>
      <split:account type="guid">a2d8b63955baad46ddca87bbd96d399f</split:account>
    </trn:split>
    <trn:split>
      <split:id type="guid">d2d6443cc766f3bf1cfc891530903f1e</split:id>
      <split:memo>this came out of my pillowcas</split:memo>
      <split:reconciled-state>n</split:reconciled-state>
      <split:value>330000/100</split:value>
      <split:quantity>330000/100</split:quantity>
      <split:account type="guid">8c054c66321f7be82287dbb0c6b7b8a2</split:account>
    </trn:split>
  </trn:splits>
</gnc:transaction>
</gnc-v2>

<!-- Local variables: -->
<!-- mode: xml        -->
<!-- End:             -->
