<?xml version="1.0" encoding="utf-8"?>
<gnc-v2
     xmlns:gnc="http://www.gnucash.org/XML/gnc"
     xmlns:act="http://www.gnucash.org/XML/act"
     xmlns:book="http://www.gnucash.org/XML/book"
     xmlns:cd="http://www.gnucash.org/XML/cd"
     xmlns:cmdty="http://www.gnucash.org/XML/cmdty"
     xmlns:price="http://www.gnucash.org/XML/price"
     xmlns:slot="http://www.gnucash.org/XML/slot"
     xmlns:split="http://www.gnucash.org/XML/split"
     xmlns:sx="http://www.gnucash.org/XML/sx"
     xmlns:trn="http://www.gnucash.org/XML/trn"
     xmlns:ts="http://www.gnucash.org/XML/ts"
     xmlns:cust="http://www.gnucash.org/XML/cust"
     xmlns:job="http://www.gnucash.org/XML/job"
     xmlns:addr="http://www.gnucash.org/XML/addr"
     xmlns:owner="http://www.gnucash.org/XML/owner"
     xmlns:taxtable="http://www.gnucash.org/XML/taxtable"
     xmlns:tte="http://www.gnucash.org/XML/tte"
     xmlns:employee="http://www.gnucash.org/XML/employee"
     xmlns:order="http://www.gnucash.org/XML/order"
     xmlns:billterm="http://www.gnucash.org/XML/billterm"
     xmlns:bt-days="http://www.gnucash.org/XML/bt-days"
     xmlns:bt-prox="http://www.gnucash.org/XML/bt-prox"
     xmlns:invoice="http://www.gnucash.org/XML/invoice"
     xmlns:entry="http://www.gnucash.org/XML/entry"
     xmlns:vendor="http://www.gnucash.org/XML/vendor">
<gnc:count-data cd:type="commodity">2</gnc:count-data>
<gnc:count-data cd:type="account">8</gnc:count-data>
<gnc:count-data cd:type="transaction">28</gnc:count-data>
<gnc:commodity version="2.0.0">
  <cmdty:space>NYSE</cmdty:space>
  <cmdty:id>MSFT</cmdty:id>
  <cmdty:name>Microsoft</cmdty:name>
  <cmdty:fraction>100000</cmdty:fraction>
</gnc:commodity>
<gnc:commodity version="2.0.0">
  <cmdty:space>NYSE</cmdty:space>
  <cmdty:id>USSA</cmdty:id>
  <cmdty:name>Usinor/Sacilor</cmdty:name>
  <cmdty:fraction>100000</cmdty:fraction>
</gnc:commodity>
<gnc:account version="2.0.0">
  <act:name>Livret bleu</act:name>
  <act:id type="guid">21db466b6be8b3f6a3043d0c0316de8c</act:id>
  <act:type>BANK</act:type>
  <act:commodity>
    <cmdty:space>ISO4217</cmdty:space>
    <cmdty:id>BRL</cmdty:id>
  </act:commodity>
  <act:commodity-scu>100</act:commodity-scu>
</gnc:account>
<gnc:account version="2.0.0">
  <act:name>Money95stocks fr</act:name>
  <act:id type="guid">2a42eb5710ad4ddbf9352f070d603fe2</act:id>
  <act:type>STOCK</act:type>
  <act:commodity>
    <cmdty:space>ISO4217</cmdty:space>
    <cmdty:id>BRL</cmdty:id>
  </act:commodity>
  <act:commodity-scu>100</act:commodity-scu>
</gnc:account>
<gnc:account version="2.0.0">
  <act:name>Microsoft</act:name>
  <act:id type="guid">c28902afc0e2168dab793b63dbf56e1f</act:id>
  <act:type>STOCK</act:type>
  <act:commodity>
    <cmdty:space>ISO4217</cmdty:space>
    <cmdty:id>BRL</cmdty:id>
  </act:commodity>
  <act:commodity-scu>100</act:commodity-scu>
  <act:security>
    <cmdty:space>NYSE</cmdty:space>
    <cmdty:id>MSFT</cmdty:id>
  </act:security>
  <act:security-scu>100000</act:security-scu>
  <act:parent type="guid">2a42eb5710ad4ddbf9352f070d603fe2</act:parent>
</gnc:account>
<gnc:account version="2.0.0">
  <act:name>Usinor/Sacilor</act:name>
  <act:id type="guid">b3955645bed5651123986f415d0e81d6</act:id>
  <act:type>STOCK</act:type>
  <act:commodity>
    <cmdty:space>ISO4217</cmdty:space>
    <cmdty:id>BRL</cmdty:id>
  </act:commodity>
  <act:commodity-scu>100</act:commodity-scu>
  <act:security>
    <cmdty:space>NYSE</cmdty:space>
    <cmdty:id>USSA</cmdty:id>
  </act:security>
  <act:security-scu>100000</act:security-scu>
  <act:parent type="guid">2a42eb5710ad4ddbf9352f070d603fe2</act:parent>
</gnc:account>
<gnc:account version="2.0.0">
  <act:name>Unspecified</act:name>
  <act:id type="guid">37d287c3550ab2810c386d1b33cc2d0b</act:id>
  <act:type>INCOME</act:type>
  <act:commodity>
    <cmdty:space>ISO4217</cmdty:space>
    <cmdty:id>BRL</cmdty:id>
  </act:commodity>
  <act:commodity-scu>100</act:commodity-scu>
</gnc:account>
<gnc:account version="2.0.0">
  <act:name>Commissions</act:name>
  <act:id type="guid">5efcfb966ef97810de2fbaaa2b352205</act:id>
  <act:type>EXPENSE</act:type>
  <act:commodity>
    <cmdty:space>ISO4217</cmdty:space>
    <cmdty:id>BRL</cmdty:id>
  </act:commodity>
  <act:commodity-scu>100</act:commodity-scu>
</gnc:account>
<gnc:account version="2.0.0">
  <act:name>Money95stocks fr</act:name>
  <act:id type="guid">da8e001155343694bd34f6aa248b1c28</act:id>
  <act:type>EXPENSE</act:type>
  <act:commodity>
    <cmdty:space>ISO4217</cmdty:space>
    <cmdty:id>BRL</cmdty:id>
  </act:commodity>
  <act:commodity-scu>100</act:commodity-scu>
  <act:parent type="guid">5efcfb966ef97810de2fbaaa2b352205</act:parent>
</gnc:account>
<gnc:account version="2.0.0">
  <act:name>Retained Earnings</act:name>
  <act:id type="guid">1aaa099850fe7a07e2b5ae97f18b9af2</act:id>
  <act:type>EQUITY</act:type>
  <act:commodity>
    <cmdty:space>ISO4217</cmdty:space>
    <cmdty:id>BRL</cmdty:id>
  </act:commodity>
  <act:commodity-scu>100</act:commodity-scu>
</gnc:account>
<gnc:transaction version="2.0.0">
  <trn:id type="guid">67da2dc62331fb318640aa5a1a3da937</trn:id>
  <trn:date-posted>
    <ts:date>1995-01-01 00:00:00 -0500</ts:date>
  </trn:date-posted>
  <trn:date-entered>
    <ts:date>2001-03-26 15:32:05 -0500</ts:date>
    <ts:ns>563969000</ts:ns>
  </trn:date-entered>
  <trn:description></trn:description>
  <trn:splits>
    <trn:split>
      <split:id type="guid">b05ab9cccb7addce264e3b5614f2d620</split:id>
      <split:reconciled-state>y</split:reconciled-state>
      <split:value>48210/100</split:value>
      <split:quantity>363849/100000</split:quantity>
      <split:account type="guid">c28902afc0e2168dab793b63dbf56e1f</split:account>
    </trn:split>
    <trn:split>
      <split:id type="guid">58a836c409c2e4982bb89e9d98e6b65c</split:id>
      <split:reconciled-state>n</split:reconciled-state>
      <split:value>-48210/100</split:value>
      <split:quantity>-48210/100</split:quantity>
      <split:account type="guid">21db466b6be8b3f6a3043d0c0316de8c</split:account>
    </trn:split>
  </trn:splits>
</gnc:transaction>
<gnc:transaction version="2.0.0">
  <trn:id type="guid">ef2ad6ef1a0d827db4b01caa6b340fbf</trn:id>
  <trn:date-posted>
    <ts:date>1995-01-16 00:00:00 -0500</ts:date>
  </trn:date-posted>
  <trn:date-entered>
    <ts:date>2001-03-26 15:32:05 -0500</ts:date>
    <ts:ns>569022000</ts:ns>
  </trn:date-entered>
  <trn:description></trn:description>
  <trn:splits>
    <trn:split>
      <split:id type="guid">1395f3eb7d951d441962acee30ebb240</split:id>
      <split:reconciled-state>y</split:reconciled-state>
      <split:value>48210/100</split:value>
      <split:quantity>327773/100000</split:quantity>
      <split:account type="guid">c28902afc0e2168dab793b63dbf56e1f</split:account>
    </trn:split>
    <trn:split>
      <split:id type="guid">b9cabeca13b398fb62a6d385ed4916a1</split:id>
      <split:reconciled-state>n</split:reconciled-state>
      <split:value>-48210/100</split:value>
      <split:quantity>-48210/100</split:quantity>
      <split:account type="guid">21db466b6be8b3f6a3043d0c0316de8c</split:account>
    </trn:split>
  </trn:splits>
</gnc:transaction>
<gnc:transaction version="2.0.0">
  <trn:id type="guid">22b16ec9c03e00dd0150a22780426c93</trn:id>
  <trn:date-posted>
    <ts:date>1995-02-01 00:00:00 -0500</ts:date>
  </trn:date-posted>
  <trn:date-entered>
    <ts:date>2001-03-26 15:32:05 -0500</ts:date>
    <ts:ns>572348000</ts:ns>
  </trn:date-entered>
  <trn:description></trn:description>
  <trn:splits>
    <trn:split>
      <split:id type="guid">c25135399d6f3f65e66ccdb541975a70</split:id>
      <split:reconciled-state>y</split:reconciled-state>
      <split:value>48210/100</split:value>
      <split:quantity>324101/100000</split:quantity>
      <split:account type="guid">c28902afc0e2168dab793b63dbf56e1f</split:account>
    </trn:split>
    <trn:split>
      <split:id type="guid">f74b03f7a1b731f5a85afb2a99b11dc7</split:id>
      <split:reconciled-state>n</split:reconciled-state>
      <split:value>-48210/100</split:value>
      <split:quantity>-48210/100</split:quantity>
      <split:account type="guid">21db466b6be8b3f6a3043d0c0316de8c</split:account>
    </trn:split>
  </trn:splits>
</gnc:transaction>
<gnc:transaction version="2.0.0">
  <trn:id type="guid">6fdeaddf8e62e0167f657eed23ea27c8</trn:id>
  <trn:date-posted>
    <ts:date>1995-02-16 00:00:00 -0500</ts:date>
  </trn:date-posted>
  <trn:date-entered>
    <ts:date>2001-03-26 15:32:05 -0500</ts:date>
    <ts:ns>576414000</ts:ns>
  </trn:date-entered>
  <trn:description></trn:description>
  <trn:splits>
    <trn:split>
      <split:id type="guid">d6ac7052f05f821d4feeeda1ef746b65</split:id>
      <split:reconciled-state>y</split:reconciled-state>
      <split:value>48210/100</split:value>
      <split:quantity>321400/100000</split:quantity>
      <split:account type="guid">c28902afc0e2168dab793b63dbf56e1f</split:account>
    </trn:split>
    <trn:split>
      <split:id type="guid">47c446ca0b094d087715591b7acefd76</split:id>
      <split:reconciled-state>n</split:reconciled-state>
      <split:value>-48210/100</split:value>
      <split:quantity>-48210/100</split:quantity>
      <split:account type="guid">21db466b6be8b3f6a3043d0c0316de8c</split:account>
    </trn:split>
  </trn:splits>
</gnc:transaction>
<gnc:transaction version="2.0.0">
  <trn:id type="guid">e205d59680a7d1b3100c6f9c5fbd619c</trn:id>
  <trn:date-posted>
    <ts:date>1995-03-01 00:00:00 -0500</ts:date>
  </trn:date-posted>
  <trn:date-entered>
    <ts:date>2001-03-26 15:32:05 -0500</ts:date>
    <ts:ns>580193000</ts:ns>
  </trn:date-entered>
  <trn:description></trn:description>
  <trn:splits>
    <trn:split>
      <split:id type="guid">8980728679535dcc6fbd5d0d3e187baf</split:id>
      <split:reconciled-state>y</split:reconciled-state>
      <split:value>48210/100</split:value>
      <split:quantity>320510/100000</split:quantity>
      <split:account type="guid">c28902afc0e2168dab793b63dbf56e1f</split:account>
    </trn:split>
    <trn:split>
      <split:id type="guid">6757952464d7cf759ba6af1cedde80af</split:id>
      <split:reconciled-state>n</split:reconciled-state>
      <split:value>-48210/100</split:value>
      <split:quantity>-48210/100</split:quantity>
      <split:account type="guid">21db466b6be8b3f6a3043d0c0316de8c</split:account>
    </trn:split>
  </trn:splits>
</gnc:transaction>
<gnc:transaction version="2.0.0">
  <trn:id type="guid">147fb5b3bf9c64a2cfa678b899617a1b</trn:id>
  <trn:date-posted>
    <ts:date>1995-03-16 00:00:00 -0500</ts:date>
  </trn:date-posted>
  <trn:date-entered>
    <ts:date>2001-03-26 15:32:05 -0500</ts:date>
    <ts:ns>584377000</ts:ns>
  </trn:date-entered>
  <trn:description></trn:description>
  <trn:splits>
    <trn:split>
      <split:id type="guid">b0f2227be0f37117ff16816a9bba6bf8</split:id>
      <split:reconciled-state>y</split:reconciled-state>
      <split:value>48210/100</split:value>
      <split:quantity>317868/100000</split:quantity>
      <split:account type="guid">c28902afc0e2168dab793b63dbf56e1f</split:account>
    </trn:split>
    <trn:split>
      <split:id type="guid">59f7f0a41217d556acab6df6315c416b</split:id>
      <split:reconciled-state>n</split:reconciled-state>
      <split:value>-48210/100</split:value>
      <split:quantity>-48210/100</split:quantity>
      <split:account type="guid">21db466b6be8b3f6a3043d0c0316de8c</split:account>
    </trn:split>
  </trn:splits>
</gnc:transaction>
<gnc:transaction version="2.0.0">
  <trn:id type="guid">847b3db3292d79f04385d50678617d8f</trn:id>
  <trn:date-posted>
    <ts:date>1995-04-01 00:00:00 -0500</ts:date>
  </trn:date-posted>
  <trn:date-entered>
    <ts:date>2001-03-26 15:32:05 -0500</ts:date>
    <ts:ns>591148000</ts:ns>
  </trn:date-entered>
  <trn:description></trn:description>
  <trn:splits>
    <trn:split>
      <split:id type="guid">d6e212645b08ac2db0029f302eaefa06</split:id>
      <split:reconciled-state>y</split:reconciled-state>
      <split:value>48210/100</split:value>
      <split:quantity>291079/100000</split:quantity>
      <split:account type="guid">c28902afc0e2168dab793b63dbf56e1f</split:account>
    </trn:split>
    <trn:split>
      <split:id type="guid">02525e8f79dd3f95a6531b7b0a1eb9a7</split:id>
      <split:reconciled-state>n</split:reconciled-state>
      <split:value>-48210/100</split:value>
      <split:quantity>-48210/100</split:quantity>
      <split:account type="guid">21db466b6be8b3f6a3043d0c0316de8c</split:account>
    </trn:split>
  </trn:splits>
</gnc:transaction>
<gnc:transaction version="2.0.0">
  <trn:id type="guid">01b7f8239992fe56d640e8db18b357d4</trn:id>
  <trn:date-posted>
    <ts:date>1995-04-16 00:00:00 -0400</ts:date>
  </trn:date-posted>
  <trn:date-entered>
    <ts:date>2001-03-26 15:32:05 -0500</ts:date>
    <ts:ns>607128000</ts:ns>
  </trn:date-entered>
  <trn:description></trn:description>
  <trn:splits>
    <trn:split>
      <split:id type="guid">dccef28c5a743eabc50ed961fedce162</split:id>
      <split:reconciled-state>y</split:reconciled-state>
      <split:value>48210/100</split:value>
      <split:quantity>300140/100000</split:quantity>
      <split:account type="guid">c28902afc0e2168dab793b63dbf56e1f</split:account>
    </trn:split>
    <trn:split>
      <split:id type="guid">abb5d05de4cb51be2e4e05a70e4ece1b</split:id>
      <split:reconciled-state>n</split:reconciled-state>
      <split:value>-48210/100</split:value>
      <split:quantity>-48210/100</split:quantity>
      <split:account type="guid">21db466b6be8b3f6a3043d0c0316de8c</split:account>
    </trn:split>
  </trn:splits>
</gnc:transaction>
<gnc:transaction version="2.0.0">
  <trn:id type="guid">ba6f65b4506f3bab59fa821fc35edffc</trn:id>
  <trn:date-posted>
    <ts:date>1995-05-01 00:00:00 -0400</ts:date>
  </trn:date-posted>
  <trn:date-entered>
    <ts:date>2001-03-26 15:32:05 -0500</ts:date>
    <ts:ns>612605000</ts:ns>
  </trn:date-entered>
  <trn:description></trn:description>
  <trn:splits>
    <trn:split>
      <split:id type="guid">b45c6aee3f5802971f66a9da91d01212</split:id>
      <split:reconciled-state>y</split:reconciled-state>
      <split:value>48210/100</split:value>
      <split:quantity>285689/100000</split:quantity>
      <split:account type="guid">c28902afc0e2168dab793b63dbf56e1f</split:account>
    </trn:split>
    <trn:split>
      <split:id type="guid">64750ea3cec777596f1eb2062fb1f8b9</split:id>
      <split:reconciled-state>n</split:reconciled-state>
      <split:value>-48210/100</split:value>
      <split:quantity>-48210/100</split:quantity>
      <split:account type="guid">21db466b6be8b3f6a3043d0c0316de8c</split:account>
    </trn:split>
  </trn:splits>
</gnc:transaction>
<gnc:transaction version="2.0.0">
  <trn:id type="guid">2dd0477429d450166c9995e753c01331</trn:id>
  <trn:date-posted>
    <ts:date>1995-05-16 00:00:00 -0400</ts:date>
  </trn:date-posted>
  <trn:date-entered>
    <ts:date>2001-03-26 15:32:05 -0500</ts:date>
    <ts:ns>760444000</ts:ns>
  </trn:date-entered>
  <trn:description></trn:description>
  <trn:splits>
    <trn:split>
      <split:id type="guid">69748f8a33b3e85fc46adfa9af9a2c8f</split:id>
      <split:reconciled-state>y</split:reconciled-state>
      <split:value>48210/100</split:value>
      <split:quantity>287107/100000</split:quantity>
      <split:account type="guid">c28902afc0e2168dab793b63dbf56e1f</split:account>
    </trn:split>
    <trn:split>
      <split:id type="guid">53d079dc07ea51d10f07f922dcb7c9c9</split:id>
      <split:reconciled-state>n</split:reconciled-state>
      <split:value>-48210/100</split:value>
      <split:quantity>-48210/100</split:quantity>
      <split:account type="guid">21db466b6be8b3f6a3043d0c0316de8c</split:account>
    </trn:split>
  </trn:splits>
</gnc:transaction>
<gnc:transaction version="2.0.0">
  <trn:id type="guid">4f221b72a33d2e5403ebea07b30c60f8</trn:id>
  <trn:date-posted>
    <ts:date>1995-06-01 00:00:00 -0400</ts:date>
  </trn:date-posted>
  <trn:date-entered>
    <ts:date>2001-03-26 15:32:05 -0500</ts:date>
    <ts:ns>767487000</ts:ns>
  </trn:date-entered>
  <trn:description></trn:description>
  <trn:splits>
    <trn:split>
      <split:id type="guid">f323236b9c860bd7582d8516cab014d2</split:id>
      <split:reconciled-state>y</split:reconciled-state>
      <split:value>48210/100</split:value>
      <split:quantity>279478/100000</split:quantity>
      <split:account type="guid">c28902afc0e2168dab793b63dbf56e1f</split:account>
    </trn:split>
    <trn:split>
      <split:id type="guid">52fa897efe40206378e38ce37d25545c</split:id>
      <split:reconciled-state>n</split:reconciled-state>
      <split:value>-48210/100</split:value>
      <split:quantity>-48210/100</split:quantity>
      <split:account type="guid">21db466b6be8b3f6a3043d0c0316de8c</split:account>
    </trn:split>
  </trn:splits>
</gnc:transaction>
<gnc:transaction version="2.0.0">
  <trn:id type="guid">97c6d186d2c827c0add7fa251adb80f5</trn:id>
  <trn:date-posted>
    <ts:date>1995-06-16 00:00:00 -0400</ts:date>
  </trn:date-posted>
  <trn:date-entered>
    <ts:date>2001-03-26 15:32:05 -0500</ts:date>
    <ts:ns>774300000</ts:ns>
  </trn:date-entered>
  <trn:description></trn:description>
  <trn:splits>
    <trn:split>
      <split:id type="guid">69783df027e525bc1f4fe2aa61f1c5e3</split:id>
      <split:reconciled-state>y</split:reconciled-state>
      <split:value>48210/100</split:value>
      <split:quantity>259717/100000</split:quantity>
      <split:account type="guid">c28902afc0e2168dab793b63dbf56e1f</split:account>
    </trn:split>
    <trn:split>
      <split:id type="guid">ebb117aa19dfef5ce5cceb9378c0bd6b</split:id>
      <split:reconciled-state>n</split:reconciled-state>
      <split:value>-48210/100</split:value>
      <split:quantity>-48210/100</split:quantity>
      <split:account type="guid">21db466b6be8b3f6a3043d0c0316de8c</split:account>
    </trn:split>
  </trn:splits>
</gnc:transaction>
<gnc:transaction version="2.0.0">
  <trn:id type="guid">61bc2fba66b1b4a2b9d70a79c23d6b2a</trn:id>
  <trn:date-posted>
    <ts:date>1995-07-01 00:00:00 -0400</ts:date>
  </trn:date-posted>
  <trn:date-entered>
    <ts:date>2001-03-26 15:32:05 -0500</ts:date>
    <ts:ns>782986000</ts:ns>
  </trn:date-entered>
  <trn:description></trn:description>
  <trn:splits>
    <trn:split>
      <split:id type="guid">eb33e77786d816e4df8c9b089a2417fe</split:id>
      <split:reconciled-state>y</split:reconciled-state>
      <split:value>48210/100</split:value>
      <split:quantity>228890/100000</split:quantity>
      <split:account type="guid">c28902afc0e2168dab793b63dbf56e1f</split:account>
    </trn:split>
    <trn:split>
      <split:id type="guid">39d1bd743942efb895c00e1c8dad312b</split:id>
      <split:reconciled-state>n</split:reconciled-state>
      <split:value>-48210/100</split:value>
      <split:quantity>-48210/100</split:quantity>
      <split:account type="guid">21db466b6be8b3f6a3043d0c0316de8c</split:account>
    </trn:split>
  </trn:splits>
</gnc:transaction>
<gnc:transaction version="2.0.0">
  <trn:id type="guid">044cff4a8437cba0611d3f1634ed1766</trn:id>
  <trn:date-posted>
    <ts:date>1995-07-06 00:00:00 -0400</ts:date>
  </trn:date-posted>
  <trn:date-entered>
    <ts:date>2001-03-26 15:32:05 -0500</ts:date>
    <ts:ns>788855000</ts:ns>
  </trn:date-entered>
  <trn:description></trn:description>
  <trn:splits>
    <trn:split>
      <split:id type="guid">2158435efd7fba4b85440e2b291597dc</split:id>
      <split:reconciled-state>n</split:reconciled-state>
      <split:value>1800000/100</split:value>
      <split:quantity>10000000/100000</split:quantity>
      <split:account type="guid">b3955645bed5651123986f415d0e81d6</split:account>
    </trn:split>
    <trn:split>
      <split:id type="guid">4a07fb7b6207731dba32e088b2f2273c</split:id>
      <split:reconciled-state>n</split:reconciled-state>
      <split:value>-1800000/100</split:value>
      <split:quantity>-1800000/100</split:quantity>
      <split:account type="guid">21db466b6be8b3f6a3043d0c0316de8c</split:account>
    </trn:split>
  </trn:splits>
</gnc:transaction>
<gnc:transaction version="2.0.0">
  <trn:id type="guid">d30a071d0c23e1f7de5122768f572783</trn:id>
  <trn:date-posted>
    <ts:date>1995-07-16 00:00:00 -0400</ts:date>
  </trn:date-posted>
  <trn:date-entered>
    <ts:date>2001-03-26 15:32:05 -0500</ts:date>
    <ts:ns>793677000</ts:ns>
  </trn:date-entered>
  <trn:description></trn:description>
  <trn:splits>
    <trn:split>
      <split:id type="guid">ee5be141ec71575e8d133dafb17fc475</split:id>
      <split:reconciled-state>y</split:reconciled-state>
      <split:value>48210/100</split:value>
      <split:quantity>223583/100000</split:quantity>
      <split:account type="guid">c28902afc0e2168dab793b63dbf56e1f</split:account>
    </trn:split>
    <trn:split>
      <split:id type="guid">85fd606ec412640bdc2394dceabb2863</split:id>
      <split:reconciled-state>n</split:reconciled-state>
      <split:value>-48210/100</split:value>
      <split:quantity>-48210/100</split:quantity>
      <split:account type="guid">21db466b6be8b3f6a3043d0c0316de8c</split:account>
    </trn:split>
  </trn:splits>
</gnc:transaction>
<gnc:transaction version="2.0.0">
  <trn:id type="guid">3c1a1f2b9b25c700a529a88ea37673fa</trn:id>
  <trn:date-posted>
    <ts:date>1995-08-01 00:00:00 -0400</ts:date>
  </trn:date-posted>
  <trn:date-entered>
    <ts:date>2001-03-26 15:32:05 -0500</ts:date>
    <ts:ns>810277000</ts:ns>
  </trn:date-entered>
  <trn:description></trn:description>
  <trn:splits>
    <trn:split>
      <split:id type="guid">9106d261d9313b94a1791c0346026ab5</split:id>
      <split:reconciled-state>n</split:reconciled-state>
      <split:value>48210/100</split:value>
      <split:quantity>234456/100000</split:quantity>
      <split:account type="guid">c28902afc0e2168dab793b63dbf56e1f</split:account>
    </trn:split>
    <trn:split>
      <split:id type="guid">01f9fa805620e2753a088d5c7926a2a4</split:id>
      <split:reconciled-state>n</split:reconciled-state>
      <split:value>-48210/100</split:value>
      <split:quantity>-48210/100</split:quantity>
      <split:account type="guid">21db466b6be8b3f6a3043d0c0316de8c</split:account>
    </trn:split>
  </trn:splits>
</gnc:transaction>
<gnc:transaction version="2.0.0">
  <trn:id type="guid">ef3e43991d16cedd21ae30424314ded3</trn:id>
  <trn:date-posted>
    <ts:date>1995-08-16 00:00:00 -0400</ts:date>
  </trn:date-posted>
  <trn:date-entered>
    <ts:date>2001-03-26 15:32:05 -0500</ts:date>
    <ts:ns>820724000</ts:ns>
  </trn:date-entered>
  <trn:description></trn:description>
  <trn:splits>
    <trn:split>
      <split:id type="guid">70edfee7fda47ab599440e56c74d07bc</split:id>
      <split:reconciled-state>n</split:reconciled-state>
      <split:value>48210/100</split:value>
      <split:quantity>223583/100000</split:quantity>
      <split:account type="guid">c28902afc0e2168dab793b63dbf56e1f</split:account>
    </trn:split>
    <trn:split>
      <split:id type="guid">6e6de8bc8de8edadd03d12fa27f8d3cf</split:id>
      <split:reconciled-state>n</split:reconciled-state>
      <split:value>-48210/100</split:value>
      <split:quantity>-48210/100</split:quantity>
      <split:account type="guid">21db466b6be8b3f6a3043d0c0316de8c</split:account>
    </trn:split>
  </trn:splits>
</gnc:transaction>
<gnc:transaction version="2.0.0">
  <trn:id type="guid">ad374dbca2ceb69c621729110075eb6c</trn:id>
  <trn:date-posted>
    <ts:date>1995-09-01 00:00:00 -0400</ts:date>
  </trn:date-posted>
  <trn:date-entered>
    <ts:date>2001-03-26 15:32:05 -0500</ts:date>
    <ts:ns>831302000</ts:ns>
  </trn:date-entered>
  <trn:description></trn:description>
  <trn:splits>
    <trn:split>
      <split:id type="guid">593961cd24af8fec7b7dded7980572a0</split:id>
      <split:reconciled-state>n</split:reconciled-state>
      <split:value>48210/100</split:value>
      <split:quantity>246441/100000</split:quantity>
      <split:account type="guid">c28902afc0e2168dab793b63dbf56e1f</split:account>
    </trn:split>
    <trn:split>
      <split:id type="guid">0290760bda0c1263a29275dbc80c6e8e</split:id>
      <split:reconciled-state>n</split:reconciled-state>
      <split:value>-48210/100</split:value>
      <split:quantity>-48210/100</split:quantity>
      <split:account type="guid">21db466b6be8b3f6a3043d0c0316de8c</split:account>
    </trn:split>
  </trn:splits>
</gnc:transaction>
<gnc:transaction version="2.0.0">
  <trn:id type="guid">3ecdbc520d5995c743b968df766dac53</trn:id>
  <trn:date-posted>
    <ts:date>1995-09-16 00:00:00 -0400</ts:date>
  </trn:date-posted>
  <trn:date-entered>
    <ts:date>2001-03-26 15:32:05 -0500</ts:date>
    <ts:ns>842924000</ts:ns>
  </trn:date-entered>
  <trn:description></trn:description>
  <trn:splits>
    <trn:split>
      <split:id type="guid">a19fb70b311ab1d2995e99da8cc0dd60</split:id>
      <split:reconciled-state>n</split:reconciled-state>
      <split:value>48210/100</split:value>
      <split:quantity>234456/100000</split:quantity>
      <split:account type="guid">c28902afc0e2168dab793b63dbf56e1f</split:account>
    </trn:split>
    <trn:split>
      <split:id type="guid">e8188b2256f426671644de3833c63823</split:id>
      <split:reconciled-state>n</split:reconciled-state>
      <split:value>-48210/100</split:value>
      <split:quantity>-48210/100</split:quantity>
      <split:account type="guid">21db466b6be8b3f6a3043d0c0316de8c</split:account>
    </trn:split>
  </trn:splits>
</gnc:transaction>
<gnc:transaction version="2.0.0">
  <trn:id type="guid">b78ee35076e3c33e119b28ed28d9899e</trn:id>
  <trn:date-posted>
    <ts:date>1995-10-01 00:00:00 -0400</ts:date>
  </trn:date-posted>
  <trn:date-entered>
    <ts:date>2001-03-26 15:32:05 -0500</ts:date>
    <ts:ns>870500000</ts:ns>
  </trn:date-entered>
  <trn:description></trn:description>
  <trn:splits>
    <trn:split>
      <split:id type="guid">edceb57dd1ae14b92495e6b802ea1fd0</split:id>
      <split:reconciled-state>n</split:reconciled-state>
      <split:value>48210/100</split:value>
      <split:quantity>240299/100000</split:quantity>
      <split:account type="guid">c28902afc0e2168dab793b63dbf56e1f</split:account>
    </trn:split>
    <trn:split>
      <split:id type="guid">a2913b7d9d6b46f98f8312a18091435a</split:id>
      <split:reconciled-state>n</split:reconciled-state>
      <split:value>-48210/100</split:value>
      <split:quantity>-48210/100</split:quantity>
      <split:account type="guid">21db466b6be8b3f6a3043d0c0316de8c</split:account>
    </trn:split>
  </trn:splits>
</gnc:transaction>
<gnc:transaction version="2.0.0">
  <trn:id type="guid">55e60fdaab33f498f39f00fdd7b90a54</trn:id>
  <trn:date-posted>
    <ts:date>1995-10-16 00:00:00 -0400</ts:date>
  </trn:date-posted>
  <trn:date-entered>
    <ts:date>2001-03-26 15:32:05 -0500</ts:date>
    <ts:ns>882549000</ts:ns>
  </trn:date-entered>
  <trn:description></trn:description>
  <trn:splits>
    <trn:split>
      <split:id type="guid">b28c48aea5b2590373a9d7b30daac854</split:id>
      <split:reconciled-state>n</split:reconciled-state>
      <split:value>48210/100</split:value>
      <split:quantity>232805/100000</split:quantity>
      <split:account type="guid">c28902afc0e2168dab793b63dbf56e1f</split:account>
    </trn:split>
    <trn:split>
      <split:id type="guid">fc7ea77d5aa50580342d7e96b2f49989</split:id>
      <split:reconciled-state>n</split:reconciled-state>
      <split:value>-48210/100</split:value>
      <split:quantity>-48210/100</split:quantity>
      <split:account type="guid">21db466b6be8b3f6a3043d0c0316de8c</split:account>
    </trn:split>
  </trn:splits>
</gnc:transaction>
<gnc:transaction version="2.0.0">
  <trn:id type="guid">99346e3803a33ab9eca34b0c07950ca4</trn:id>
  <trn:date-posted>
    <ts:date>1995-11-01 00:00:00 -0500</ts:date>
  </trn:date-posted>
  <trn:date-entered>
    <ts:date>2001-03-26 15:32:05 -0500</ts:date>
    <ts:ns>903735000</ts:ns>
  </trn:date-entered>
  <trn:description></trn:description>
  <trn:splits>
    <trn:split>
      <split:id type="guid">6498e7c2e6fb5904dd5cec26c24435ef</split:id>
      <split:reconciled-state>n</split:reconciled-state>
      <split:value>48210/100</split:value>
      <split:quantity>225105/100000</split:quantity>
      <split:account type="guid">c28902afc0e2168dab793b63dbf56e1f</split:account>
    </trn:split>
    <trn:split>
      <split:id type="guid">1f017018b6a8e4d819e5b4cc7a390025</split:id>
      <split:reconciled-state>n</split:reconciled-state>
      <split:value>-48210/100</split:value>
      <split:quantity>-48210/100</split:quantity>
      <split:account type="guid">21db466b6be8b3f6a3043d0c0316de8c</split:account>
    </trn:split>
  </trn:splits>
</gnc:transaction>
<gnc:transaction version="2.0.0">
  <trn:id type="guid">99e86a13ff4f2c9682de72afe1a88e93</trn:id>
  <trn:date-posted>
    <ts:date>1995-11-16 00:00:00 -0500</ts:date>
  </trn:date-posted>
  <trn:date-entered>
    <ts:date>2001-03-26 15:32:05 -0500</ts:date>
    <ts:ns>918545000</ts:ns>
  </trn:date-entered>
  <trn:description></trn:description>
  <trn:splits>
    <trn:split>
      <split:id type="guid">dc7a3ba0b30130597a4fdcc6c3dcf369</split:id>
      <split:reconciled-state>n</split:reconciled-state>
      <split:value>48210/100</split:value>
      <split:quantity>246179/100000</split:quantity>
      <split:account type="guid">c28902afc0e2168dab793b63dbf56e1f</split:account>
    </trn:split>
    <trn:split>
      <split:id type="guid">efaa1a65c36b2aa767ef5038205775d2</split:id>
      <split:reconciled-state>n</split:reconciled-state>
      <split:value>-48210/100</split:value>
      <split:quantity>-48210/100</split:quantity>
      <split:account type="guid">21db466b6be8b3f6a3043d0c0316de8c</split:account>
    </trn:split>
  </trn:splits>
</gnc:transaction>
<gnc:transaction version="2.0.0">
  <trn:id type="guid">2622a1080ff6c00ea26a08b2b4ced682</trn:id>
  <trn:date-posted>
    <ts:date>1995-11-18 00:00:00 -0500</ts:date>
  </trn:date-posted>
  <trn:date-entered>
    <ts:date>2001-03-26 15:32:05 -0500</ts:date>
    <ts:ns>924478000</ts:ns>
  </trn:date-entered>
  <trn:description></trn:description>
  <trn:splits>
    <trn:split>
      <split:id type="guid">de65d2b5bbf96ea77a2a68f6e1c9b78e</split:id>
      <split:reconciled-state>n</split:reconciled-state>
      <split:value>1720000/100</split:value>
      <split:quantity>8000000/100000</split:quantity>
      <split:account type="guid">b3955645bed5651123986f415d0e81d6</split:account>
    </trn:split>
    <trn:split>
      <split:id type="guid">1d2ee8256a1205440df2a8fc8aafbbca</split:id>
      <split:reconciled-state>n</split:reconciled-state>
      <split:value>-1720000/100</split:value>
      <split:quantity>-1720000/100</split:quantity>
      <split:account type="guid">21db466b6be8b3f6a3043d0c0316de8c</split:account>
    </trn:split>
  </trn:splits>
</gnc:transaction>
<gnc:transaction version="2.0.0">
  <trn:id type="guid">a881bcba9acd5cc108fc0a98036c5bc3</trn:id>
  <trn:date-posted>
    <ts:date>1995-12-01 00:00:00 -0500</ts:date>
  </trn:date-posted>
  <trn:date-entered>
    <ts:date>2001-03-26 15:32:05 -0500</ts:date>
    <ts:ns>933363000</ts:ns>
  </trn:date-entered>
  <trn:description></trn:description>
  <trn:splits>
    <trn:split>
      <split:id type="guid">f64fda83b5354abc300e0daeacdbaf9d</split:id>
      <split:reconciled-state>n</split:reconciled-state>
      <split:value>48210/100</split:value>
      <split:quantity>246179/100000</split:quantity>
      <split:account type="guid">c28902afc0e2168dab793b63dbf56e1f</split:account>
    </trn:split>
    <trn:split>
      <split:id type="guid">e5110d8191bf1d6fda128942062569ad</split:id>
      <split:reconciled-state>n</split:reconciled-state>
      <split:value>-48210/100</split:value>
      <split:quantity>-48210/100</split:quantity>
      <split:account type="guid">21db466b6be8b3f6a3043d0c0316de8c</split:account>
    </trn:split>
  </trn:splits>
</gnc:transaction>
<gnc:transaction version="2.0.0">
  <trn:id type="guid">c00f255b41f7d2c35d67354264999478</trn:id>
  <trn:date-posted>
    <ts:date>1995-12-10 00:00:00 -0500</ts:date>
  </trn:date-posted>
  <trn:date-entered>
    <ts:date>2001-03-26 15:32:05 -0500</ts:date>
    <ts:ns>940053000</ts:ns>
  </trn:date-entered>
  <trn:description></trn:description>
  <trn:splits>
    <trn:split>
      <split:id type="guid">b5effb985dc0657eec87fd8dbfc57451</split:id>
      <split:reconciled-state>n</split:reconciled-state>
      <split:value>1744000/100</split:value>
      <split:quantity>8000000/100000</split:quantity>
      <split:account type="guid">b3955645bed5651123986f415d0e81d6</split:account>
    </trn:split>
    <trn:split>
      <split:id type="guid">a4db6abc4a2effb3f73275fb29948523</split:id>
      <split:reconciled-state>n</split:reconciled-state>
      <split:value>-1744000/100</split:value>
      <split:quantity>-1744000/100</split:quantity>
      <split:account type="guid">21db466b6be8b3f6a3043d0c0316de8c</split:account>
    </trn:split>
  </trn:splits>
</gnc:transaction>
<gnc:transaction version="2.0.0">
  <trn:id type="guid">8e8e5d4125418c0579f3731e25777596</trn:id>
  <trn:date-posted>
    <ts:date>1995-12-16 00:00:00 -0500</ts:date>
  </trn:date-posted>
  <trn:date-entered>
    <ts:date>2001-03-26 15:32:05 -0500</ts:date>
    <ts:ns>958106000</ts:ns>
  </trn:date-entered>
  <trn:description></trn:description>
  <trn:splits>
    <trn:split>
      <split:id type="guid">1557c89238dd07a8972b0686a0fa178b</split:id>
      <split:reconciled-state>n</split:reconciled-state>
      <split:value>48210/100</split:value>
      <split:quantity>245917/100000</split:quantity>
      <split:account type="guid">c28902afc0e2168dab793b63dbf56e1f</split:account>
    </trn:split>
    <trn:split>
      <split:id type="guid">e005c31d25bd98288550acf63d16cfd2</split:id>
      <split:reconciled-state>n</split:reconciled-state>
      <split:value>-48210/100</split:value>
      <split:quantity>-48210/100</split:quantity>
      <split:account type="guid">21db466b6be8b3f6a3043d0c0316de8c</split:account>
    </trn:split>
  </trn:splits>
</gnc:transaction>
<gnc:transaction version="2.0.0">
  <trn:id type="guid">2b59e457646dd04a190dcb17e050ef92</trn:id>
  <trn:date-posted>
    <ts:date>1995-01-01 00:00:00 -0500</ts:date>
  </trn:date-posted>
  <trn:date-entered>
    <ts:date>2001-03-26 15:32:05 -0500</ts:date>
    <ts:ns>561450000</ts:ns>
  </trn:date-entered>
  <trn:description></trn:description>
  <trn:splits>
    <trn:split>
      <split:id type="guid">6d87f9e8bb10413b90e956356641630c</split:id>
      <split:memo>Initial balance</split:memo>
      <split:reconciled-state>y</split:reconciled-state>
      <split:value>249123/100</split:value>
      <split:quantity>9400850/100000</split:quantity>
      <split:account type="guid">c28902afc0e2168dab793b63dbf56e1f</split:account>
    </trn:split>
    <trn:split>
      <split:id type="guid">f778537b61dab90054fe976b501cd986</split:id>
      <split:reconciled-state>n</split:reconciled-state>
      <split:value>-449122/100</split:value>
      <split:quantity>-449122/100</split:quantity>
      <split:account type="guid">1aaa099850fe7a07e2b5ae97f18b9af2</split:account>
    </trn:split>
    <trn:split>
      <split:id type="guid">b3a36622a46daa0cb4291ed15874fcf6</split:id>
      <split:reconciled-state>n</split:reconciled-state>
      <split:value>200000/100</split:value>
      <split:quantity>200000/100</split:quantity>
      <split:account type="guid">da8e001155343694bd34f6aa248b1c28</split:account>
    </trn:split>
  </trn:splits>
</gnc:transaction>
</gnc-v2>

<!-- Local variables: -->
<!-- mode: xml        -->
<!-- End:             -->
