!TRNS	TRNSID	TRNSTYPE	DATE	ACCNT	NAME	CLASS	AMOUNT	DOCNUM	MEMO	CLEAR	TOPRINT	NAMEISTAXABLE	ADDR1	ADDR2	ADDR3	ADDR4	ADDR5	DUEDATE	TERMS	PAID	SHIPVIA	SHIPDATE	YEARTODATE	WAGEBASE
!SPL	SPLID	TRNSTYPE	DATE	ACCNT	NAME	CLASS	AMOUNT	DOCNUM	MEMO	CLEAR	QNTY	PRICE	INVITEM	PAYMETH	TAXABLE	VALADJ	REIMBEXP	SERVICEDATE	OTHER2	OTHER3	YEARTODATE	WAGEBASE		
!ENDTRNS																								
TRNS	19	BILLCCARD	12/15/98	CalOil Card	Gallion Masonry		-542		R 594	N	N	N	Gallion Masonry	189 Old Bayshore Rd	Bayshore CA 94326			0/0/0		Y		0/0/0	0	0
SPL	20	BILLCCARD	12/15/98	Accounts Payable	Gallion Masonry		542			N					N	N	NOTHING	0/0/0			0	0		
ENDTRNS																								
