!TRNS	TRNSID	TRNSTYPE	DATE	ACCNT	NAME	CLASS	AMOUNT	DOCNUM	MEMO	TOPRINT	NAMEISTAXABLE	ADDR1	ADDR3	OTHER1
!SPL	SPLID	TRNSTYPE	DATE	ACCNT	NAME	CLASS	AMOUNT	DOCNUM	MEMO	QNTY	PRICE	INVITEM	TAXABLE	EXTRA
!ENDTRNS														
TRNS		CASH SALE	7/16/98	Undeposited Funds			80.63	2		Y	Y			
SPL		CASH SALE	7/16/98	Construction:Materials			-75		Window	-3	25	Window	Y	
SPL		CASH SALE	7/16/98	Sales Tax Payable	State Board of Equalization		-5.63	2	"CA sales tax, San Domingo County"		7.50%	San Domingo	N	AUTOSTAX
ENDTRNS														
