!TRNS	TRNSID	TRNSTYPE	DATE	ACCNT	NAME	CLASS	AMOUNT	DOCNUM	MEMO	CLEAR	TOPRINT	NAMEISTAXABLE	ADDR1	ADDR5
!SPL	SPLID	TRNSTYPE	DATE	ACCNT	NAME	CLASS	AMOUNT	DOCNUM	MEMO	CLEAR	QNTY	PRICE	INVITEM	REIMBEXP
!ENDTRNS														
TRNS	 	CHECK	7/16/98	Checking	McKay Lumber		-800		 	N	Y	N	McKay Lumber	
SPL	 	CHECK	7/16/98	Job Expenses:Job Materials	"Jacobsen, Doug:Poolhouse"	Team C	800	 	Decking lumber	N	50	15	Lumber:Decking	NOTHING
ENDTRNS														
