!TRNS	TRNSID	TRNSTYPE	DATE	ACCNT	NAME	CLASS	AMOUNT	DOCNUM	MEMO	CLEAR
!SPL	SPLID	TRNSTYPE	DATE	ACCNT	NAME	CLASS	AMOUNT	DOCNUM	MEMO	CLEAR
!ENDTRNS										
TRNS		CCARD REFUND	7/15/98	Cal Oil Card	Bowersmith Construction		15	258		N
SPL		CCARD REFUND	7/15/98	Job Expenses:Equipment Rental			-15			N
ENDTRNS										
