!TRNS	TRNSID	TRNSTYPE	DATE	ACCNT	NAME	CLASS	AMOUNT	DOCNUM	MEMO	CLEAR
!SPL	SPLID	TRNSTYPE	DATE	ACCNT	NAME	CLASS	AMOUNT	DOCNUM	MEMO	CLEAR
!ENDTRNS										
TRNS		BILLCCARD	7/15/98	Cal Oil Card	Bayshore Water		-59.25	1		N
SPL		BILLCCARD	7/15/98	Accounts Payable	Bayshore Water		59.25			N
ENDTRNS										
