!TRNS	TRNSID	TRNSTYPE	DATE	ACCNT	NAME	CLASS	AMOUNT	DOCNUM	MEMO	CLEAR	TOPRINT	ADDR1
!SPL	SPLID	TRNSTYPE	DATE	ACCNT	NAME	CLASS	AMOUNT	DOCNUM	MEMO	CLEAR	QNTY	INVITEM
!ENDTRNS												
TRNS		ITEMRECEIPT	7/16/98	Accounts Payable	Hamlin Metal		-0.5		Received Items (bill to follow)	N	N	
SPL		ITEMRECEIPT	7/18/98	Inventory Asset	"Madsen, Joe"		0.5		Metal Strips	N		Metal Strips
ENDTRNS												
