!TRNS	TRNSID	TRNSTYPE	DATE	ACCNT	NAME	CLASS	AMOUNT	DOCNUM	MEMO	CLEAR	TOPRINT	NAMEISTAXABLE	ADDR1
!SPL	SPLID	TRNSTYPE	DATE	ACCNT	NAME	CLASS	AMOUNT	DOCNUM	MEMO	CLEAR	QNTY	PRICE	INVITEM
!ENDTRNS													
TRNS		PURCHORD	7/16/98	Purchase Orders	Keswick Insulation		-50	1		N	Y	N	
SPL		PURCHORD	7/16/98	Inventory Asset			50		Insulation	N	10	5	Insulation
ENDTRNS													
