!TRNS	TRNSID	TRNSTYPE	DATE	ACCNT	NAME	AMOUNT	DOCNUM	MEMO	CLEAR	TOPRINT	NAMEIS TAXABLE	ADDR1
!SPL	SPLID	TRNSTYPE	DATE	ACCNT	NAME	AMOUNT	DOCNUM	MEMO	CLEAR	QNTY	PRICE	INVITEM
!ENDTRNS												
TRNS		STMT CHG	7/1/98	Accounts Receivable	"Melton, Johnny:Dental Office"	165		Framing Labor	N	N	N	
SPL		STMT CHG	7/1/98	Construction:Labor		-165			N	-3	55	Framing
ENDTRNS												
